1998 2701
135 335 309 376 bendam
326 333 497 375 nostram
522 333 722 388 eleganter
743 331 975 372 aemulatur.
1038 331 1319 386 Magnitudine
1350 333 1465 373 etiam
1493 332 1621 379 fimilis⁴

134 390 233 432 huic
251 390 319 431 esta·
372 389 529 434 Verum
544 389 726 443 synciput
743 387 814 438 illi,
845 398 883 427 et
898 386 1019 427 >latera
1041 389 1194 442 capitis,
1236 398 1275 428 et
1305 400 1452 442 corpus
1481 387 1619 430 subtus

139 458 291 497 totum,
323 446 479 486 intimae
508 445 660 485 alarum
692 442 925 493 vestitriceS,
957 443 1152 496 margines
1171 443 1371 495 remigum
1397 443 1548 497 aliquot
1564 445 1622 484 in-

140 504 353 552 teriorum,
383 500 621 553 humerique
637 498 797 549 subtus,
826 498 931 537 nivei
958 499 1137 538 candoris
1165 497 1271 551 sunt,
1309 510 1348 538 et
1380 510 1511 538 atrum
1542 511 1622 539 tan-

140 556 350 597 tummodo
369 567 488 610 eaput
507 554 673 610 superne
691 566 731 595 et
753 554 910 604 cerviX,
950 553 1195 608 dorsumque
1224 567 1317 594 cum
1343 553 1464 594 cauda
1489 554 1621 595 breviw

128 612 235 653 cula.
292 612 404 652 Haec
420 624 587 665 quoque
616 623 667 652 ex
686 610 872 650 America
890 606 1090 662 adfertur,
1120 623 1249 664 quum
1272 608 1510 664 praecedens
1529 622 1623 651 con-

138 678 197 710 tra
216 666 456 709 Orientalem
475 665 624 707 Indiam
645 676 684 705 et
710 663 890 706 Africam
928 665 1092 719 patriani
1113 665 1263 706 habeat.
1294 674 1297 675 ’

251 720 406 764 Οὲἳαυιι
437 732 476 762 et
511 721 730 776 penultima
762 719 858 760 mihi
893 731 1078 764 notarum
1098 719 1337 775 specierum,
1365 721 1466 761 inter
1485 734 1623 762 omnes

138 777 363 833 praesertim
390 776 658 817 admirandam
680 775 791 816 rostri
819 773 990 815 formam
1010 775 1192 826 exhibet,
1230 774 1397 829 ejusque
1421 775 1624 817 latitudine

139 834 256 873 etiam
285 832 530 873 Cchromam
558 831 748 871 LINNAE1
775 829 841 870 seu
870 830 1048 871 Ardeam
1087 829 1359 871 Cochleariam
1392 829 1628 871 Africanam

137 888 269 928 vincit.
327 887 518 941 Figuram
536 885 754 940 aliqualiter
775 887 1007 940 exprimunt
1031 885 1156 926 lineae
1182 887 1222 926 in
1252 884 1400 926 Tabula
1425 886 1554 926 nostra
1575 886 1625 927 ad

140 942 187 984 C.
199 942 442 998 conspicuae.
500 941 850 995 Exemplumavis,
873 940 1096 982 Luscini-am
1109 939 1194 982 fere
1204 942 1418 995 aequantis,
1440 941 1561 982 exstat
1585 943 1624 982 in

139 997 194 1040 M
196 998 280 1053 ustfo
301 996 530 1052 Seremffimi
548 997 753 1038 PmNmms
780 998 973 1037 AVRIACI.
1030 996 1214 1049 Rostrum
1235 998 1476 1048 maximum,
1514 996 1625 1037 semi-

140 1054 274 1106 wale,
302 1066 478 1105 acutum,
509 1052 686 1108 planum,
714 1049 874 1093 maribus
892 1051 1009 1106 supra
1025 1052 1075 1093 ad
1094 1050 1270 1093 frontem
1288 1052 1362 1092 late
1378 1064 1625 1101 excavatum,

140 1109 319 1151 albicans.
372 1107 485 1147 Setae
506 1118 538 1156 3.
578 1106 768 1157 majores,
804 1107 1042 1144 etminores
1068 1104 1220 1159 aliquot
1249 1104 1366 1159 supra
1397 1108 1475 1146 oris
1503 1120 1625 1162 angu-

141 1165 219 1218 los3
246 1163 398 1218 pilique
417 1161 530 1216 sparsi
555 1157 752 1200 frontales.
811 1158 959 1212 Capitis
988 1166 1122 1200 vertex
1149 1160 1329 1214 plumbei
1351 1161 1513 1214 coloris,
1543 1177 1625 1204 ma-

141 1220 227 1262 cula
242 1221 281 1259 in
298 1216 431 1258 medio
449 1216 622 1270 oblonga
642 1214 745 1267 alba;
775 1214 887 1268 quod
914 1213 1142 1256 affinitatem
1169 1229 1263 1257 cum
1286 1215 1414 1258 Lemio
1442 1216 1481 1257 T
1476 1232 1626 1272 yramzo

142 1273 404 1327 et.Pitangzm
434 1268 960 1325 (L1NN.Syst.ed.Xll.,v.
985 1271 1071 1324 136.
1094 1271 1159 1326 ss).
1187 1283 1248 1323 [3.
1266 1277 1353 1327 15.)
1400 1274 1469 1328 qui
1496 1275 1624 1316 rostro

139 1333 255 1373 etiam
271 1329 401 1370 Todis
421 1325 721 1383 quodammodo
740 1325 877 1366 fimiles
894 1325 994 1378 sunt,
1024 1326 1252 1368 affinitatem
1268 1327 1457 1383 indigitat.
1514 1329 1627 1371 Dor-

133 1387 221 1443 sum
252 1382 602 1426 fusco-lutescens.
660 1378 810 1423 Sumus
839 1393 919 1422 tota
943 1382 1095 1423 avicula
1120 1381 1248 1435 lutea,
1293 1384 1387 1437 gula
1426 1384 1625 1428 albicante.

142 1440 325 1494 Remiges
341 1453 460 1494 atque
479 1438 661 1480 rectrices
679 1436 858 1491 aequales
877 1435 1015 1479 fuscae.
1074 1436 1199 1479 Pedes
1221 1452 1314 1479 cum
1338 1440 1542 1494 unguibus
1563 1441 1626 1483 fla·

143 1496 361 1549 vescente53
390 1494 545 1548 digitus
555 1495 726 1535 maxime
735 1493 909 1533 exterior
920 1493 1081 1536 duobus
1098 1491 1183 1534 fere
1199 1494 1368 1535 articulis
1384 1496 1516 1537 medio
1536 1510 1627 1539 con-

145 1564 270 1594 natus.
328 1551 479 1592 HaccS
513 1551 610 1590 ecies
628 1550 740 1589 icone
759 1546 975 1601 dignissima
995 1548 1067 1601 est,
1106 1561 1145 1589 et
1174 1548 1404 1591 delineatam
1428 1550 1625 1601 dediffem,

145 1609 185 1648 ni
204 1606 325 1648 invidi
342 1606 469 1647 obstiti
502 1615 578 1645 ent.
637 1604 775 1657 Itaque
793 1601 952 1644 Nonam
964 1603 1107 1655 saltem,
1139 1602 1177 1643 T
1174 1602 1286 1644 odam
1306 1619 1452 1661 nempe
1467 1606 1623 1648 lmcoce-

141 1662 320 1718 phalam,
348 1659 659 1715 Ichnographiae
677 1671 787 1700 meae
811 1657 986 1711 inseram,
1016 1660 1296 1703 Americanam
1314 1675 1408 1704 cum
1426 1675 1624 1718 congene-

146 1719 255 1761 ribus
282 1715 487 1773 plerisque.

513 1798 542 1860 ss
603 1819 1162 1872 DESCRIPTIO

317 1886 566 1960 TODJ
621 1908 749 1959 LE
780 1907 1394 1960 VCOCEPHAL
1422 1909 1466 1961 1.

680 1991 771 2035 Tab.
801 1990 888 2034 m.
933 1992 1018 2046 fig·
1040 2006 1074 2035 2.

147 2052 428 2148 Magnitudo
448 2091 682 2133 Phoenicuri
697 2124 707 2144 ,
729 2093 842 2134 icone
861 2091 1140 2136 accuratissime
1159 2089 1335 2147 expressa
1362 2092 1427 2135 est.

815 2152 850 2192 C
877 2165 899 2192 2
1443 2151 1622 2210 Rostrum
