1998 2701
456 208 638 265 w
758 210 973 263 (μ)
1090 207 1272 266 *affl

115 306 351 365 diaphanis,
380 319 468 348 non
490 303 776 349 retractilibus.
856 303 1000 349 Caulis
1031 303 1076 347 dc
1100 305 1202 347 rami
1233 304 1399 348 mucosa
1419 305 1617 363 gelatina,

79 369 86 371 '⁷
113 363 298 424 capsulae
322 375 462 406 autem
484 363 610 422 paulo
633 362 800 406 duriore
823 377 943 405 carne
965 363 1076 405 intus
1101 363 1284 420 repletae
1312 363 1421 411 sunt;
1451 362 1533 408 hae
1559 377 1617 410 ta-

115 438 215 466 men
230 424 305 470 ita,
335 434 382 465 ut
394 419 541 479 rugosa
556 418 721 479 supersit
738 422 894 462 cavitas
910 420 1158 478 recipiendis
1179 419 1280 463 cibis
1295 421 1503 465 destinata.

232 480 305 523 Ad
327 477 439 523 basin
463 477 715 536 capsularum
740 481 942 530 majorum
965 478 1298 537 adultiorumque
1322 480 1477 537 exigua
1500 478 1619 540 saepe

114 551 286 581 verruca
307 537 376 579 vel
394 534 653 579 tuberculum
673 534 937 594 conspicitur3
965 550 1014 577 an
1028 535 1222 595 prolisera
1240 537 1516 595 gemmula?“

231 594 365 637 Addit
381 594 681 637 GALRTNERUS:
711 609 769 643 „a
784 592 1013 637 Tubularia
1038 605 1128 636 utut
1153 610 1239 636 non
1255 596 1385 653 longe
1404 595 1522 639 distet
1550 597 1617 639 Co-

115 667 231 710 ryne,
261 651 313 696 ab
338 667 388 694 ea
405 664 547 695 tamen
576 650 759 698 differre,
789 649 974 709 ipsiffirna
998 665 1066 694 tua
1082 650 1211 695 verba
1237 653 1394 701 Elench.
1418 654 1565 709 Zooph.
1578 666 1618 711 p.

116 726 184 766 79.
199 723 264 757 80.
283 709 462 753 suadent,
492 710 631 768 Caput
646 711 759 752 enini
769 710 967 768 Corynes
979 725 1056 769 pro
1067 709 1195 753 lubitu
1212 710 1397 753 animalis
1411 710 1619 763 reti-actile

115 785 202 825 non
219 768 296 818 est,
327 784 405 811 nec
421 770 620 827 pinnulis,
652 768 718 811 sed
745 770 856 812 veris
882 769 1119 816 tentaculis,
1156 780 1247 810 utut
1274 770 1428 827 pariter
1447 785 1537 812 -non
1555 784 1617 812 re-

115 824 341 869 tractilibus
351 825 611 875 instruchnm
630 827 834 870 tentacula
844 829 956 870 enim
966 828 1031 870 illa
1040 826 1242 887 quidquid
1252 827 1305 869 cst
1315 827 1492 873 idoneae
1501 843 1617 886 praes

117 885 195 927 dae
224 886 422 942 arripere,
437 884 691 943 junctisque,
715 884 743 927 si
763 901 889 944 opus,
905 885 1062 928 viribus
1091 885 1190 927 illud
1208 885 1269 927 ori
1290 884 1517 927 admouere
1535 883 1619 943 ipse

115 943 206 999 plus
221 941 346 985 semel
363 943 465 991 vidi,
488 957 531 985 ut
549 944 602 985 de
619 942 686 985 usu
704 958 850 986 eorum
868 942 1040 987 dubium
1055 943 1214 985 nullum
1231 941 1288 984 sit.
1320 943 1488 987 Cortex
1503 957 1619 1001 prae-

118 1013 232 1042 terea
253 1001 399 1058 *capitis
423 1016 501 1059 pro
525 1002 852 1043 transmittendis
870 1002 1085 1044 tentaculis
1102 1000 1354 1058 perforatus,
1369 1001 1514 1043 itidem
1533 1016 1621 1042 non

114 1057 227 1099 lente
254 1071 361 1100 inter
385 1070 607 1116 utrumque
636 1057 789 1100 horum
817 1058 1144 1115 Zoophytorum
1171 1056 1386 1100 discrimen
1409 1057 1620 1115 praebet.“

115 1114 349 1163 Hucusque
375 1116 564 1155 celeberr.
591 1115 890 1155 GAERTNERUS.

233 1171 321 1227 Fzg.
337 1181 372 1216 8.
384 1184 420 1213 a.
431 1184 464 1212 a.
474 1184 510 1212 a.
531 1169 620 1212 sunt
638 1169 780 1228 stirpes
793 1170 962 1229 aliquot,
979 1168 1082 1210 alter
1096 1165 1285 1225 simplex,
1299 1167 1367 1211 sed
1380 1169 1484 1212 alter
1497 1170 1620 1228 proli-

117 1227 180 1271 fer
195 1226 277 1271 siue
293 1225 561 1277 subramosus‚
581 1227 740 1270 ramulo
751 1227 853 1270 Fuci
862 1226 1073 1279 cujusdam
1084 1226 1368 1269 conservoidis
1384 1226 1621 1277 insidentes,

117 1287 259 1328 nativa
275 1286 564 1350 magnitudine
586 1286 637 1327 A.
675 1285 807 1341 Stirps
824 1282 1022 1326 ramosior
1036 1298 1129 1331 una,
1145 1284 1257 1326 lente
1275 1281 1414 1333 aufia,
1435 1283 1505 1328 ubi
1517 1287 1621 1343 capi-

117 1343 298 1386 tulorum
318 1343 452 1386 olcula
466 1342 510 1384 ἀ
529 1342 733 1384 tentacula
751 1343 923 1400 egregie
937 1353 1145 1399 apparent.
1543 1389 1547 1391 ν

234 1401 278 1442 Β.
295 1403 330 1442 [⁷.
357 1399 607 1442 Naturali&
625 1397 745 1442 aucta
761 1399 1049 1456 magnitudine
1073 1397 1209 1440 sistunt
1225 1399 1465 1456 portionem
1481 1400 1620 1457 Cory-

119 1473 189 1501 nes
205 1458 247 1500 in
267 1457 405 1500 littore
421 1455 589 1515 belgico
606 1458 713 1498 circa
735 1457 1009 1498 Sertulariam
1028 1455 1293 1510 lortgg'ffi'wzam
1311 1458 1499 1499 maxime
1518 1473 1620 1500 cres-

120 1516 263 1564 centis,
280 1514 352 1559 ubi
366 1516 424 1557 im
458 1515 571 1555 rimis
587 1513 763 1570 capitula
771 1513 823 1555 ad
842 1510 954 1554 basin
971 1512 1106 1554 ovulis
1124 1511 1267 1569 stipata
1282 1526 1492 1570 apparent.

72 1573 76 1575 ’
240 1574 327 1628 Fz'g.
349 1588 385 1624 9.
406 1586 428 1613 e
445 1571 462 1613 ’t
479 1571 677 1627 Corynes
702 1566 825 1612 affine
849 1571 1090 1624 Zoophyt0n‚
1107 1566 1328 1610 solitarium
1347 1568 1429 1611 sem
1462 1585 1526 1620 er,
1544 1586 1623 1615 nec

121 1645 306 1690 unquam
330 1627 539 1671 ramosum
554 1626 903 1686 proliserumque,
929 1638 1064 1668 totum
1094 1626 1232 1667 molle.
1295 1628 1345 1667 D.
1367 1629 1403 1668 d.
1446 1627 1624 1680 ‘jusdem

123 1687 329 1746 specimen
343 1686 479 1729 ovulis
497 1685 754 1732 destitutum,
770 1684 986 1726 tentaculis
1004 1698 1106 1726 vero
1124 1683 1307 1742 undique
1334 1682 1506 1727 exsertis
1526 1685 1620 1728 hor-

124 1760 238 1792 rens,
262 1744 434 1786 naturali
454 1742 497 1785 <Sc
519 1741 639 1785 aucta
661 1757 727 1784 ma
745 1743 960 1783 mitudine
1042 1740 1112 1782 Ad
1131 1741 1230 1782 EF.
1248 1740 1469 1797 specimina
1487 1744 1622 1786 ovulis

122 1803 265 1845 onusta
285 1800 450 1845 exserto
467 1813 590 1859 atque
609 1800 742 1843 retra&
765 1815 792 1841 o
808 1814 881 1841 ore
906 1797 1099 1841 sistuntur.

240 1861 328 1916 Fig.
361 1875 421 1902 10.
455 1859 626 1901 tandem
659 1858 715 1901 est
754 1857 821 1898 illa
850 1854 1073 1899 Brachioni
1098 1853 1251 1911 species
1264 1887 1274 1904 ,
1324 1870 1447 1912 quam
1478 1857 1521 1898 B.
1542 1872 1620 1899 cer-

127 1932 250 1961 nuum
268 1932 423 1961 vocare
437 1915 583 1974 posses.
610 1918 645 1958 h.
659 1913 831 1958 naturali
856 1913 899 1956 ἀ
918 1914 969 1955 Η.
987 1909 1108 1956 arista
1124 1913 1422 1971 magnitudine.

855 2202 886 2244 F
1378 2198 1623 2246 SENECA
