1998 2701
487 239 645 296 QQ‘*
762 241 973 295 (25)
1090 240 1248 297 Qess‘

123 349 282 408 proles,
315 363 410 392 cum
428 363 451 390 a
470 362 601 407 grege
621 346 790 391 discedit
807 359 958 396 mater,
986 345 1165 390 eandem
1182 344 1372 405 sequitur.
1431 346 1618 390 Amicii<

122 410 151 451 li
186 408 230 450 d:
262 407 378 466 quod
406 406 577 449 excedit
614 404 785 448 subinde
815 420 1045 447 mammam
1074 404 1126 448 ad
1158 416 1272 447 etere
1296 420 1385 448 non
1414 404 1617 455 desinunt,

122 465 456 525 quandocunque
473 461 629 506 lactans
645 464 766 521 gregi
784 462 886 505 inest
897 463 1063 506 femina.
1159 476 1204 505 er
1213 463 1437 505 triennium
1452 464 1614 508 circiter

122 522 325 571 crescunt,
354 538 432 566 nec
449 520 521 563 nisi
541 522 723 564 triennes
740 519 828 564 fere
845 521 898 563 ad
920 520 1209 579 generandum
1231 521 1315 578 apti
1338 519 1443 563 fiunt
1464 536 1612 565 mares.

121 582 323 625 Feminae
338 592 482 623 autem
504 579 677 623 celerius
694 577 973 622 maturescunt
989 578 1034 622 ἀ
1055 582 1141 633 jam
1168 576 1349 623 bimulae
1369 590 1489 622 utero
1513 595 1612 622 con-

123 641 292 698 cipiunt.

236 695 408 739 Masculi
425 694 469 738 ἇς
487 694 659 738 feminei
678 696 859 743 hlmmli,
890 710 1020 754 quum
1037 692 1272 744 nascuntur,
1312 695 1420 738 inter
1443 694 1482 738 se
1501 695 1613 738 colo-

120 770 165 798 re
184 754 227 798 δε
244 753 381 796 forma
402 752 491 796 sunt
506 752 710 794 simillimi.
768 752 912 793 Etiam
935 753 1080 808 primis
1103 754 1220 793 annis
1239 754 1315 795 vix
1332 753 1412 795 ulla
1438 752 1615 796 sexuum

121 815 164 855 in
191 814 239 854 iis
263 810 475 853 manifesta
502 809 743 852 differentia.
822 810 1012 850 Feminae
1039 808 1193 850 deinde
1219 824 1295 866 per
1319 820 1453 852 totam
1482 812 1614 854 vitam

124 882 351 912 cannatum
370 867 558 910 colorem
584 867 711 908 dilute
737 864 1239 924 gryseo-fiavescentem,
1271 865 1317 908 δι
1344 865 1512 925 strigam
1540 883 1616 926 per

122 926 230 970 dorsi
249 926 375 968 latera
389 927 582 983 utrinque
601 922 849 967 albicantem
872 922 1053 973 servant,
1091 935 1346 983 manentque
1363 939 1586 972 excornes.

237 984 298 1027 At
315 984 497 1040 wlff-ulis
515 979 833 1040 leptimestribus
857 982 900 1022 in
917 981 1056 1025 fronte
1080 996 1280 1025 verrucae
1300 997 1500 1032 corneae,
1531 985 1616 1029 cuti

121 1042 210 1086 fere
230 1054 391 1084 tantum
409 1039 695 1088 inhaerentes,
728 1055 930 1081 cornuum
953 1040 1198 1098 primordia,
1227 1053 1516 1099 prorumpunt.
1551 1041 1616 1085 Ea

123 1114 264 1144 tamen
282 1111 417 1142 aetate
436 1096 674 1156 impuberes
702 1095 837 1140 adhuc
865 1096 975 1146 sunt,
1007 1098 1214 1157 testesque
1241 1099 1374 1140 exiles
1405 1100 1512 1142 intra
1540 1099 1616 1143 Ilia

122 1158 316 1206 haerent,
341 1159 397 1200 ita
414 1170 459 1199 ut
473 1156 652 1199 scrotum
673 1167 851 1199 externe
873 1156 971 1205 Vix,
997 1155 1071 1199 nili
1088 1172 1111 1200 e
1129 1156 1292 1199 laxiore
1323 1154 1382 1201 ibi
1403 1157 1534 1216 pelle,
1556 1158 1615 1202 di-

122 1216 352 1275 gnoscatur.

244 1275 441 1317 Trivia-lis
457 1288 611 1316 cornua
625 1275 706 1326 jam
723 1271 824 1315 duas
841 1271 975 1318 ferme
989 1273 1112 1333 spiras
1129 1272 1316 1333 adtigisse
1330 1272 1614 1324 observantur,

121 1331 167 1374 <Sc
186 1333 299 1390 rugis
320 1332 371 1374 ad
394 1332 615 1374 minimum
633 1331 751 1374 denis
770 1332 962 1375 annulata
977 1331 1078 1375 sunt.
1147 1331 1276 1375 Tunc
1313 1347 1483 1392 quoque
1507 1332 1615 1376 dorsi

122 1390 268 1448 strigae
286 1390 499 1433 dilutiores
521 1387 766 1433 evanescere
789 1389 834 1431 ἅ*
858 1391 1022 1447 capitis,
1059 1389 1335 1433 humerorum
1363 1404 1486 1450 atque
1506 1390 1614 1434 dorsi

124 1449 242 1491 color
257 1448 482 1506 primulum
502 1447 733 1506 nigrescere
750 1461 1000 1505 coeperunt,
1047 1447 1317 1507 fulvescitque
1338 1450 1498 1492 cervix.

236 1504 441 1549 Intensror
459 1504 505 1548 fit
527 1504 671 1548 lenslm
692 1504 1002 1564 insequentibus
1023 1507 1141 1549 annis
1170 1506 1310 1555 color,
1345 1508 1403 1550 ita
1429 1520 1475 1550 ut
1500 1509 1613 1563 (juin-

118 1565 340 1620 quemziblts
360 1565 403 1606 in
421 1579 599 1622 corpore
620 1563 665 1606 ἃ
684 1563 789 1606 facie
809 1562 942 1607 fuscus
956 1597 966 1614 ‚
997 1566 1040 1607 in
1057 1564 1153 1607 colli
1168 1562 1364 1608 lateribus
1383 1564 1428 1607 ὄε
1445 1580 1520 1622 per
1535 1564 1611 1607 hu-

119 1636 260 1663 meros
279 1622 635 1679 longitudinaliter
658 1621 792 1664 ferme
813 1622 934 1679 niger
955 1620 1024 1670 sit,
1072 1623 1293 1671 eminenter
1312 1624 1486 1665 cervicis
1510 1637 1611 1681 gry-

120 1678 478 1721 seo-fulvelcente
505 1676 684 1722 tinetura
714 1678 759 1721 (Ξῖ
784 1679 861 1721 vix
888 1677 1096 1737 superstite
1133 1678 1349 1737 strigarum
1392 1679 1613 1723 dorsalium

119 1737 306 1794 vestigio.
366 1736 499 1780 Unde
523 1749 620 1778 tunc
637 1735 847 1794 singularis
864 1735 920 1779 est
939 1752 962 1779 e
979 1738 1212 1795 longinquo
1238 1735 1311 1779 visi
1329 1738 1517 1779 animalis
1542 1737 1613 1781 ad-

119 1792 304 1852 spectuS,
340 1795 529 1836 maxime
552 1793 609 1837 ob
636 1794 837 1836 trifarium
866 1794 982 1843 colli,
1014 1795 1177 1837 fulvum
1215 1808 1392 1851 nempe,
1430 1797 1613 1853 nigrum,

123 1851 347 1911 albumque
365 1852 575 1900 colorem,
607 1850 652 1893 ὄε
673 1849 784 1894 albas
806 1852 848 1892 in
874 1852 1106 1910 nigricante
1128 1852 1263 1907 capite
1288 1850 1462 1900 orbitas;
1493 1868 1614 1912 quae,

124 1910 226 1952 dum
248 1907 397 1952 erectis
415 1907 608 1953 cornibus
626 1908 753 1953 adstat
770 1908 815 1953 ἀ
837 1907 1152 1969 circumspectat
1175 1909 1349 1960 animal,
1391 1910 1537 1968 oculos
1553 1912 1613 1954 in-

124 1967 292 2027 signiter
306 1965 470 2010 feriunt.

241 2023 432 2068 Succeffu
449 2026 592 2068 aetatis
609 2026 768 2084 nigrior
786 2026 926 2071 evadit
943 2027 1129 2085 corporis
1141 2059 1151 2076 ‚
1184 2026 1230 2070 ἅτ
1245 2024 1457 2071 saturatior
1480 2028 1612 2072 cervi-

125 2083 184 2126 cis
202 2083 332 2128 color.
391 2083 452 2126 At
469 2098 622 2126 cornua
640 2083 784 2127 seusun
803 2085 953 2128 lentius
974 2083 1178 2134 crescunt;
1214 2086 1270 2127 ita
1292 2097 1338 2129 ut
1369 2087 1412 2128 in
1437 2101 1490 2129 eo
1511 2085 1612 2129 mas-

125 2141 220 2184 culo
233 2173 243 2192 ‚
273 2155 401 2200 quem
424 2139 557 2184 ferme
577 2142 782 2185 decennio
800 2143 842 2185 in
871 2144 1041 2187 Vivario
1058 2140 1206 2186 vixiffe
1224 2141 1340 2202 supra
1362 2144 1504 2193 retuli,
1524 2145 1611 2204 qui-

125 2213 209 2258 que
228 2202 313 2254 jam
333 2197 431 2259 fere
448 2197 706 2258 nigrescebat
733 2200 925 2306 adeoqsse
953 2202 1211 2263 quinquenni
1235 2213 1347 2246 certe
1371 2206 1502 2257 maJor
1526 2214 1613 2245 erat

1517 2276 1614 2305 cum
