1998 2701
495 196 707 260 'Qess-
800 197 819 269 (
877 205 906 252 9
951 186 986 252 ’(
1102 194 1288 252 *Soc->2³⁸

252 298 342 340 Oris
359 297 468 339 labia
482 296 694 351 duplicata,
725 297 903 338 exterius
920 293 1050 339 antice
1067 295 1287 352 pendulum
1306 295 1342 338 8<
1362 295 1544 354 utrinque
1560 313 1645 342 mue

133 369 365 404 cronatum,
405 355 483 398 fere
506 366 551 397 ut
575 354 616 396 in
642 354 909 410 praecedenti,
940 369 1016 409 pro
1047 355 1128 396 oris
1152 354 1304 410 angulis
1327 367 1421 396 vero
1449 356 1646 410 profunde

132 413 325 457 sinuatum
352 413 447 469 (fig.
470 428 501 456 ι.
519 428 555 455 2.
574 415 638 466 3.).
694 411 864 454 Interius
884 411 1101 454 &inferius
1133 411 1281 454 labium
1305 411 1481 464 carnosa,
1519 415 1645 460 versus

131 471 426 515 commissuram
444 469 578 520 craffi,
611 469 773 526 prolixa,
807 469 997 527 pendula,
1023 471 1152 512 antice
1171 471 1368 513 crenulata
1387 471 1551 515 &intus
1578 489 1645 530 pa-

130 530 275 585 pillosa.
343 530 513 579 Dentes,
543 541 597 571 ·ut
621 528 661 569 in
687 527 739 570 G.
767 527 998 577 Schlofferi‚
1029 529 1182 578 conici,
1219 529 1435 572 anteriores
1464 531 1647 587 majores,

130 588 350 644 inaequales
368 600 518 631 tamen:
550 585 677 640 major
693 584 802 642 supra
822 587 1006 642 utrinque
1024 601 1146 636 unus,
1167 586 1249 628 'ceu
1270 589 1445 629 caninus.

251 646 363 688 Oculi
379 647 417 688 in
437 645 592 688 summo
609 645 738 700 capite
756 645 936 701 contigui
962 644 1057 701 (fig.
1081 647 1156 698 2.)‚
1182 644 1400 701 supercilio
1421 645 1529 701 supra
1552 646 1646 690 cras-

131 701 194 753 se,
233 717 388 759 opaco,
427 702 648 750 immobili3
712 701 873 744 inferius
894 702 1235 758 periophthalmio
1268 703 1430 757 plicatili
1462 704 1647 748 instruffi.

132 761 260 803 [rides
286 761 394 804 fusco
411 787 423 794 -
439 774 656 817 argenteae.
715 758 877 801 Oculos
904 761 1031 803 ambit
1064 774 1221 802 externe
1243 760 1372 803 sulcus
1402 765 1574 805 anterius
1597 763 1647 805 ad

130 820 272 861 oculos
289 819 536 872 profundior,
570 832 677 873 pone
693 816 819 859 versus
836 818 1022 872 opercula
1040 817 1259 859 obsoletius
1279 833 1497 861 excurrens.

245 877 433 917 Narium
453 889 630 929 apertura
649 876 885 922 connivens,
914 875 984 917 sub
1002 875 1152 917 cantho
1169 875 1377 931 palpebrae
1393 878 1538 918 antico.

244 934 443 988 'Opercula
458 934 748 975 branchiarmn
769 932 1004 975 subtiliffime
1027 931 1225 989 squamosa
1239 965 1248 981 ,
1277 935 1453 989 undique
1476 936 1644 977 adnata.

130 992 341 1047 Apertum
369 1004 459 1034 ante
486 992 648 1047 pinnam
677 990 916 1047 pefioralem
953 989 1107 1040 lunata,
1145 989 1298 1032 valvula
1325 1003 1504 1040 cutacea‚
1547 992 1647 1035 intra

129 1052 353 1106 marginem
371 1049 549 1105 operculi
567 1048 655 1098 fita,
683 1047 860 1091 clausilis.
917 1049 1166 1091 Membrana
1184 1049 1431 1091 branchialis
1447 1049 1665 1093 biradiata.'

248 1109 382 1149 Pinna
398 1108 510 1159 [torst
527 1107 737 1164 dipterygii
758 1107 867 1161 prior
893 1121 1055 1163 magna,
1086 1107 1205 1148 radiis
1230 1105 1393 1159 spinosis
1409 1106 1576 1148 infirmis
1599 1122 1646 1150 11

128 1164 243 1216 fulta,
274 1164 397 1213 fusca,
426 1164 558 1206 versus
582 1163 685 1206 basin
715 1164 969 1213 pellucidior,
1019 1161 1131 1200 sanleia
1155 1161 1354 1202 terminali
1379 1161 1506 1216 nigra,
1545 1164 1648 1207 ultra

130 1237 249 1278 quam
262 1222 418 1271 >limbus
432 1219 626 1274 hyalinus.
646 1216 736 1271 (Sic
751 1216 791 1257 in
814 1214 918 1270 pisce
937 1216 1095 1272 liquore
1112 1217 1315 1270 condito)
1373 1219 1416 1259 In
1430 1218 1509 1261 alio
1528 1220 1647 1277 speci·

129 1280 238 1321 mine
253 1273 352 1320 radii
376 1291 436 1319 12.
491 1273 675 1317 Posticus
691 1273 821 1315 radius
840 1272 959 1315 dorso
973 1274 1156 1316 adnexus.
1245 1289 1250 1291 “

246 1337 285 1378 Ρ.
304 1335 415 1387 dorsi
426 1333 558 1376 altera
573 1333 773 1374 radiorum
799 1347 815 1374 1
828 1346 862 1381 3.
880 1330 1137 1380 famosorum,
1166 1345 1189 1372 e
1205 1330 1348 1387 quibus
1367 1331 1564 1388 posticum
1583 1350 1649 1390 ge-

130 1394 345 1442 minatum3
374 1392 489 1434 Haec
505 1390 696 1433 humilior
715 1390 861 1444 priore,
889 1388 1098 1431 retrorsum
1116 1401 1254 1430 tamen
1274 1387 1485 1445 adsurgens
1500 1390 1647 1444 sensim,

130 1453 273 1494 colore
290 1446 768 1504 {hbhyalino-fiavescens.
798 1447 912 1489 fascia
932 1445 1211 1502 longitudinali
1240 1445 1499 1503 fusco-nigra.

247 1510 288 1551 P.
302 1507 523 1563 pefferales
538 1504 750 1547 infissentes
766 1505 934 1549 brachio
950 1503 1077 1548 versus
1095 1517 1246 1561 corpus
1261 1502 1458 1555 latiflimo,
1486 1506 1647 1551 flabelli-

133 1564 283 1609 sormes
302 1568 363 1607 seu
380 1577 530 1612 ovatae,
565 1578 582 1604 1
594 1567 622 1613 3‘·
631 1563 807 1604 radiatae.

249 1625 290 1666 P.
310 1622 510 1664 ventralis
528 1619 569 1661 in
586 1620 680 1661 duas
687 1621 851 1673 partita
873 1618 1013 1672 (unico
1035 1619 1221 1675 exemplo
1249 1618 1290 1661 in
1314 1634 1458 1675 genere
1482 1621 1646 1666 Gobio-

132 1684 263 1735 rum);
295 1681 506 1735 portiones
527 1688 663 1718 tamen
688 1675 799 1718 fimul
828 1675 974 1718 sumtae
998 1675 1517 1732 figuram'suborbiculatam
1543 1694 1642 1723 con-

133 1740 306 1786 stituunt,
337 1736 484 1792 {iugula
498 1739 523 1776 6
538 1733 738 1776 radiorum
753 1747 774 1776 e
790 1732 936 1789 quibus
953 1735 1129 1777 extimus
1144 1734 1400 1785 breviffimus,
1425 1735 1644 1794 crassusque

134 1800 171 1840 δε
189 1793 383 1839 indivisus.

248 1855 291 1897 P.
313 1854 386 1894 ani
405 1851 567 1894 humilis
585 1865 603 1893 1
618 1865 633 1892 1
653 1847 855 1891 radiorum
875 1848 936 1904 (in
951 1848 1031 1892 alio
1047 1848 1150 1905 pisce
1174 1852 1253 1905 ιο.)
1275 1849 1323 1892 ab
1339 1864 1418 1893 ano
1436 1850 1643 1907 paululum

133 1924 299 1957 remota.

250 1970 456 2014 Rectudae
479 1963 867 2013 ovato-lanceolata,
910 1963 1117 2006 radiorum
1150 1979 1196 2007 11
1225 1965 1273 2007 ad
1303 1964 1644 2019 13.ramos0rum,

135 2041 286 2086 praeter
302 2024 544 2068 adminicula
561 2025 743 2078 utrinque
760 2023 940 2076 plurima.
1001 2022 1146 2064 Pinnae
1169 2036 1312 2063 omnes
1332 2022 1481 2065 molles.

251 2085 401 2139 Corpus
417 2081 687 2137 gracilescens,
718 2080 865 2128 molle,
901 2079 1082 2129 obesum,
1108 2078 1396 2134 compressum,
1432 2082 1555 2124 cauda
1581 2084 1644 2126 vix

136 2144 353 2188 adtenuata.
411 2141 538 2183 Linea
558 2138 741 2182 lateralis
757 2136 862 2195 quasi
878 2136 1065 2238 ἰῐῃρὲείΐει.
1124 2138 1265 2182 Cauda
1283 2135 1414 2181 subtus
1414 2138 1538 2239 sulcof
1554 2154 1646 2195 pro-

1533 2199 1642 2242 undo
