1998 2701
731 225 889 283 &50:522
1004 228 1155 280 (22)
1268 226 1428 284 ’Ξὴᾱὲ

338 333 604 376 branchialem
636 333 863 388 cingente33
904 330 1108 385 flaccidae,
1154 331 1270 374 radiis
1314 332 1521 386 mollibus,
1575 335 1830 390 cartilagineis

339 389 538 437 suffultae,
577 388 965 444 circumscriptione,
998 388 1025 429 si
1048 388 1270 443 expandas,
1298 388 1545 431 rotundatae.
1612 389 1736 432 Radiz'
1761 406 1832 433 an-

340 446 500 487 teriores
528 444 663 486 sensim
690 445 894 486 breviores
920 457 959 486 et
992 444 1193 497 exiliores,
1234 456 1394 500 tresque
1428 444 1493 486 vel
1510 456 1685 499 quatuor
1714 449 1833 500 primi

336 500 546 554 exiliffirni,
577 500 710 551 soluti,
739 500 965 545 cirrhorurn
982 500 1046 540 vel
1066 499 1287 555 digitorum
1306 501 1422 544 instar
1442 512 1531 543 ante
1549 502 1712 558 pinnam
1739 516 1833 558 pro-

338 555 523 612 pendent.
578 557 619 599 ln
635 555 864 599 universum
881 555 977 597 radii
997 556 1150 599 circiter
1173 570 1236 609 30.

455 640 588 683 Pimm
606 639 772 696 dozsalis
801 652 840 681 et
857 637 923 681 mli
940 639 1060 696 paulo
1079 643 1196 696 'pone
1225 640 1404 683 medium
1432 643 1611 697 corporis
1641 642 1835 696 incipiunt

339 697 517 742 carnosae
543 697 730 740 mollibus
757 696 871 738 radiis
906 696 1106 749 infirmae,
1150 698 1453 752 atroviolaceae,
1497 697 1836 753 longitudinaliter

339 756 598 797 decurrentes
617 752 742 810 usque
761 752 810 794 ad
826 752 988 807 pinnam
1009 752 1156 795 caudae
1175 752 1440 796 sexradiatam.
1519 752 1708 808 Dorsalis
1738 752 1835 794 radii

340 811 430 867 plus
450 823 571 867 quam
590 823 658 860 50.
684 807 736 850 P.
756 808 822 850 ani
843 811 997 852 circiter
1017 826 1041 862 4
1045 824 1082 859 5.
1113 822 1311 865 quantum
1329 810 1367 851 in
1389 810 1527 852 siccato
1545 810 1651 866 pisce
1677 808 1808 850 video.

457 890 708 935 Acetabulmn
725 892 931 949 jugulare,
961 896 1064 935 inter
1088 894 1226 948 pinnas
1245 893 1482 949 pePcorales,
1510 894 1583 936 sub
1599 892 1716 948 gula,
1746 902 1837 932 ante

343 963 464 991 anum
495 950 686 1005 positum,
725 952 946 997 minutum,
985 963 1033 1005 pa
1067 948 1271 1001 illisorme,
1311 963 1526 1004 totumque
1553 948 1695 999 molle,
1729 948 1836 987 intus

342 1006 566 1060 cartilagine
583 1005 836 1058 bilarnellata,
866 1019 887 1045 a
905 1004 999 1060 gula
1025 964 1284 1047 descendente
1312 1002 1534 1046 suffultum.

450 1087 565 1129 Anus
582 1090 622 1129 in
642 1090 718 1130 ima
736 1089 885 1128 ventris
913 1089 1063 1139 carina,
1093 1101 1223 1142 prope
1252 1087 1524 1138 acetabulum,
1553 1088 1593 1128 in
1617 1085 1750 1128 medio
1772 1097 1837 1139 pa-

343 1145 436 1186 riter
452 1144 554 1183 inter
579 1143 716 1197 pinnas
734 1142 952 1198 pectorales
972 1142 1112 1192 spatio,
1141 1145 1392 1194 prominenS,
1433 1143 1584 1186 orificio
1614 1140 1838 1184 ann-orsum

344 1198 551 1254 ipe&ante.
606 1195 730 1239 Linea
749 1192 941 1242 lateralzs,
969 1205 1014 1234 ut
1033 1192 1325 1248 congeneribus
1353 1199 1553 1247 omnibus,
1591 1198 1709 1238 nulla.

456 1280 614 1335 Corpus
634 1280 880 1334 oblongum,
911 1274 1199 1331 compressum,
1229 1276 1365 1318 versus
1385 1289 1505 1332 caput
1533 1266 1838 1332 craffiusculum‚

348 1338 493 1395 postice
513 1337 647 1377 sensim
674 1335 956 1383 adtenuatum,
1000 1333 1257 1384 compreffius
1285 1344 1326 1371 et
1351 1333 1639 1386 planilaterum.
1723 1333 1840 1376 Cutis

347 1394 585 1440 molliffima,
612 1387 817 1445 alepidota,
841 1387 988 1443 glabra.
1050 1382 1275 1438 Substantia
1295 1388 1413 1427 totius
1433 1388 1542 1442 piscis
1562 1388 1838 1444 subdiaphana,

348 1449 585 1499 mollissima,
614 1445 739 1496 fluxa,
769 1445 892 1495 iners,
921 1441 1111 1483 leviffimo
1131 1441 1262 1493 taem,
1289 1443 1353 1483 vel
1373 1444 1636 1496 concuffione,
1668 1456 1747 1486 tota
1766 1459 1837 1498 ge-

348 1506 486 1546 latiuae
504 1503 619 1543 instar
643 1498 954 1542 contremiscens.
996 1496 1132 1539 ‘Color
1149 1497 1377 1552 exalbidus,
1407 1499 1513 1540 rosea
1539 1499 1735 1542 rubedine
1759 1498 1837 1541 luf-

350 1559 480 1613 fusus3
508 1560 547 1599 in
567 1559 696 1612 pinnis
719 1553 1072 1610 longitudinalibus
1091 1552 1312 1595 violascens.
1371 1554 1611 1598 Membrana
1639 1555 1838 1600 branchia.

351 1617 403 1658 les
424 1627 594 1657 cameras
614 1614 718 1655 intus
738 1612 906 1653 vestiens
926 1609 1312 1665 atro-purpurascit.
1837 1624 1840 1628 ⁴

649 1768 725 1819 M
779 1768 831 1819 E
896 1766 962 1818 N
1020 1766 1058 1817 S
1122 1767 1180 1816 U
1238 1765 1288 1818 R
1355 1767 1414 1818 A
1473 1768 1536 1818 E.

353 1843 624 1949 Longitudo
643 1902 743 1942 tota,
772 1890 821 1931 ab
840 1891 949 1943 apice
967 1890 1057 1933 labii
1075 1890 1285 1946 superioris
1323 1889 1372 1932 ad
1399 1902 1531 1934 extre-

640 1961 746 1989 mam
772 1944 936 1987 caudam
1152 1976 1203 1981 —
1400 1970 1450 1977 —
1617 1947 1664 1991 1¹,-
1684 1946 1839 1997 6s'.4‘ss.

357 2005 429 2050 Ab
453 2007 563 2061 apice
587 2003 698 2055 labii,
726 2001 851 2058 usque
875 2000 925 2043 ad
942 2004 1098 2047 initium
1116 2004 1260 2060 pinnae
1283 2001 1386 2047 dorsi
1604 2017 1642 2046 0.
1677 2015 1737 2044 10.
1752 2014 1791 2042 0.

354 2082 408 2095 ·-
521 2060 644 2115 usque
660 2058 708 2100 ad
726 2072 846 2100 anum
1062 2082 1112 2089 -
1327 2087 1377 2093 -
1601 2072 1640 2100 0.
1676 2073 1709 2099 Ι.
1747 2064 1784 2105 8.

360 2147 408 2156 ..
523 2115 649 2171 usque
664 2114 713 2157 ad
731 2114 896 2157 oculum
1111 2142 1161 2148 —-
1348 2145 1398 2150 —
1614 2127 1651 2154 0.
1686 2126 1718 2154 1.
1747 2129 1784 2166 4.

1713 2168 1842 2210 --ad
