1998 2701
338 694 341 697 ¹
420 593 496 678 G
554 590 622 678 R
684 590 756 674 A
819 588 892 676 C
950 590 1022 678 V
1076 590 1147 675 L
1199 589 1293 675 A„

515 723 1167 789 LONGIROSTRA.

851 869 1250 876 ——---——-—-—-

107 919 311 1053 Haec
329 974 411 1015 avis
433 973 540 1017 haud
567 974 802 1031 infrequens
828 974 990 1016 videtur
1016 974 1090 1016 effi:
1120 975 1159 1015 in
1196 974 1383 1016 Ameriea
1409 972 1599 1013 ‘meridio-

116 1032 117 1037 ’
271 1029 368 1082 nali3
396 1031 540 1072 crebro
559 1034 666 1074 enim
701 1033 912 1073 Surinamo
933 1032 1034 1072 mitti
1054 1033 1156 1072 inter
1174 1030 1262 1071 alias
1279 1030 1384 1070 solet.
1471 1027 1600 1083 Apud

109 1082 293 1123 au&ores
311 1092 463 1133 tamen,
495 1095 601 1137 quos
632 1088 821 1125 evolvere
845 1088 980 1139 potui,
1010 1087 1176 1124 eandem
1194 1100 1275 1124 uon
1294 1085 1466 1134 invenio,
1496 1083 1600 1123 ideo-

109 1150 191 1191 que
209 1137 367 1179 iconem
383 1149 506 1192 atque
522 1136 828 1193 descriptionem
844 1153 974 1181 meam
999 1138 1107 1182 haud
1123 1138 1365 1195 superfluam
1383 1138 1458 1180 effe
1468 1138 1600 1181 eredo.

224 1242 390 1285 Nullius
418 1255 611 1287 notorum
639 1258 839 1300 generum
865 1245 1068 1289 eharafi'cer
1090 1247 1130 1288 in
1157 1261 1275 1290 avem
1301 1244 1402 1287 hane
1427 1244 1600 1286 nostram

108 1295 287 1351 perfeste
314 1298 495 1346 quadrat.
553 1301 764 1344 Attamen,
804 1304 874 1347 qui
895 1302 1162 1334 (Ji-rivulorum
1181 1318 1201 1334 a
1229 1302 1432 1338 TJNNAEO
1461 1301 1600 1340 Consti·-

108 1362 245 1391 tutum
273 1361 403 1403 genus
432 1349 507 1389 rite
532 1350 741 1403 cognitum
770 1348 934 1399 habeat,
972 1361 1053 1388 non
1075 1349 1240 1404 negabit
1257 1364 1383 1405 certe,
1426 1367 1474 1394 eo
1502 1368 1599 1408 quo-

109 1418 191 1459 que
207 1402 456 1445 referendam
476 1403 642 1446 eandem
660 1402 747 1444 effe.
805 1404 934 1446 Unica
951 1404 1006 1445 est
1023 1401 1240 1447 differentia
1253 1439 1264 1458 ,
1295 1406 1409 1462 quod
1427 1409 1599 1451 rostrum

108 1459 160 1502 illi
177 1461 303 1515 magis
321 1459 553 1515 elongatum
567 1459 732 1502 omnino
749 1460 804 1511 fit,
833 1460 884 1501 ita
904 1458 1069 1514 quidem
1090 1473 1136 1501 ut
1151 1474 1173 1502 a
1190 1460 1267 1503 bafi
1285 1463 1449 1505 auffiurn
1470 1464 1598 1507 videa·

110 1527 197 1567 tur,
232 1515 342 1557 unde
359 1529 493 1563 nares,
523 1530 627 1571 quae
648 1515 829 1557 Graculis
850 1515 1010 1570 reliquis
1027 1514 1289 1559 subfrontales
1307 1518 1414 1571 sunt,
1444 1517 1536 1561 huic
1557 1522 1597 1562 in

109 1569 244 1611 medio
278 1569 363 1611 fere
389 1571 518 1611 rostro
547 1571 674 1619 hient⁷
709 1571 938 1625 perficiente
963 1570 1164 1627 reliqu'um
1192 1572 1319 1628 usque
1345 1573 1394 1615 ad
1419 1573 1595 1617 frontem

111 1637 256 1666 cavum
278 1624 387 1666 nuda
408 1625 642 1682 cartilagine.
699 1626 826 1667 Poffet
852 1626 941 1681 quis
961 1639 1077 1668 avem
1095 1627 1267 1669 nostram
1290 1630 1508 1685 Meropem
1528 1645 1595 1673 aut

110 1680 299 1721 Certhian
316 1681 534 1735 appellare,
562 1683 694 1737 primo
711 1681 898 1738 adspeffcu
927 1680 1117 1778 deceiptus
1127 1696 1139 1737 3
1177 1683 1263 1736 sed,
1301 1697 1347 1726 ut
1371 1684 1527 1727 habitus
1555 1688 1595 1728 in

111 1733 273 1777 censum
292 1749 374 1776 non
403 1738 552 1789 veniat,
581 1738 714 1790 rostri,
740 1738 918 1791 narium,
953 1751 1004 1793 pe
1034 1751 1188 1794 umque
1210 1739 1406 1782 struunt-a
1434 1741 1518 1783 satis
1544 1742 1594 1784 ab

109 1791 186 1831 istis
204 1791 420 1846 generibus
444 1792 701 1849 distinguunt.
757 1793 910 1849 Neque
929 1794 1033 1835 enim
1050 1794 1149 1836 setae
1170 1794 1286 1850 supra
1314 1797 1393 1838 oris
1413 1797 1594 1853 angulos,

110 1859 244 1900 neque
264 1861 375 1888 nares
394 1847 522 1890 nudae
537 1861 655 1904 atque
674 1864 695 1891 a
719 1847 852 1891 fronte
870 1861 1064 1903 remotae,
1091 1863 1222 1906 neque
1240 1852 1411 1894 rostrum
1429 1855 1479 1894 ita
1498 1868 1592 1895 cono

111 1899 331 1944 formatum
358 1904 412 1944 est
439 1906 616 1960 Meropi.
673 1904 855 1948 CerthIae
880 1917 1013 1948 autem
1038 1905 1200 1948 naribus
1225 1909 1347 1949 rimae
1366 1909 1480 1950 instar
1518 1908 1590 1951 sub

110 1956 314 2011 squamula
337 1958 606 2014 longitudinali
634 1960 851 2014 hiantibus,
896 1974 935 2004 et
960 1960 1087 2004 rostro
1113 1964 1315 2016 tenuiore,
1354 1964 1432 2007 basi
1457 1964 1587 2019 depili,

108 2012 344 2068 pedumque
362 2014 486 2070 digito
504 2030 586 2058 non
603 2031 788 2071 externo,
810 2017 875 2060 sed
894 2030 1029 2060 eontra
1046 2017 1331 2075 plerarumque
1348 2021 1482 2062 avium
1500 2035 1587 2062 mo-

111 2080 198 2110 rem
219 2068 384 2112 'interno
419 2072 497 2114 basi
542 2073 659 2115 medii
701 2074 864 2127 adnato,
920 2075 1082 2130 aliisque
1130 2077 1231 2117 notis
1277 2075 1586 2132 distinguuntur.

111 2121 156 2164 In
190 2124 388 2181 ambiguis
424 2128 646 2182 hujusmodi
687 2131 903 2185 speciebus,
979 2133 1220 2186 comparatio
1272 2133 1454 2176 omnium
1498 2147 1585 2189 par-

782 2189 821 2230 A
856 2201 873 2239 3
1485 2192 1586 2233 tium
