<?xml version="1.0" encoding="UTF-8"?>
<!DOCTYPE html PUBLIC "-//W3C//DTD XHTML 1.0 Transitional//EN"
    "http://www.w3.org/TR/xhtml1/DTD/xhtml1-transitional.dtd">
<html xmlns="http://www.w3.org/1999/xhtml" xml:lang="en" lang="en">
 <head>
  <title>
</title>
<meta http-equiv="Content-Type" content="text/html;charset=utf-8" />
  <meta name='ocr-system' content='tesseract 3.04.00' />
  <meta name='ocr-capabilities' content='ocr_page ocr_carea ocr_par ocr_line ocrx_word'/>
</head>
<body>
  <div class='ocr_page' id='page_1' title='image "./spicilegiazoolog110pall_0484.png"; bbox 0 0 1998 2701; ppageno 0'>
   <div class='ocr_carea' id='block_1_1' title="bbox 659 171 1472 230">
    <p class='ocr_par' dir='ltr' id='par_1_1' title="bbox 659 171 1472 230">
     <span class='ocr_line' id='line_1_1' title="bbox 659 171 1472 230; baseline 0.001 0"><span class='ocrx_word' id='word_1_1' title='bbox 659 172 841 230; x_wconf 56' lang='lat' dir='ltr'>Qoffl</span> <span class='ocrx_word' id='word_1_2' title='bbox 962 173 1171 227; x_wconf 81' lang='lat'><em>(80)</em></span> <span class='ocrx_word' id='word_1_3' title='bbox 1290 171 1472 230; x_wconf 36' lang='grc' dir='ltr'>πώ*</span> 
     </span>
    </p>
   </div>
   <div class='ocr_carea' id='block_1_2' title="bbox 315 260 1828 493">
    <p class='ocr_par' dir='ltr' id='par_1_2' title="bbox 315 260 1828 493">
     <span class='ocr_line' id='line_1_2' title="bbox 316 260 1825 331; baseline -0.001 -12"><span class='ocrx_word' id='word_1_4' title='bbox 316 274 457 322; x_wconf 83' lang='lat' dir='ltr'>ovula,</span> <span class='ocrx_word' id='word_1_5' title='bbox 494 270 686 331; x_wconf 87' lang='lat' dir='ltr'>quamvis</span> <span class='ocrx_word' id='word_1_6' title='bbox 705 268 777 314; x_wconf 87' lang='lat' dir='ltr'>sub</span> <span class='ocrx_word' id='word_1_7' title='bbox 802 266 897 328; x_wconf 78' lang='lat' dir='ltr'>ipsis</span> <span class='ocrx_word' id='word_1_8' title='bbox 919 268 997 312; x_wconf 89' lang='lat' dir='ltr'>illis</span> <span class='ocrx_word' id='word_1_9' title='bbox 1015 267 1168 328; x_wconf 80' lang='lat' dir='ltr'><strong>globus</strong></span> <span class='ocrx_word' id='word_1_10' title='bbox 1189 268 1414 312; x_wconf 89' lang='lat' dir='ltr'>ovulorum</span> <span class='ocrx_word' id='word_1_11' title='bbox 1438 271 1480 312; x_wconf 90' lang='lat' dir='ltr'>in</span> <span class='ocrx_word' id='word_1_12' title='bbox 1503 260 1825 318; x_wconf 76' lang='lat' dir='ltr'>foetificanthus</span> 
     </span>
     <span class='ocr_line' id='line_1_3' title="bbox 316 326 1828 390; baseline -0.001 -14"><span class='ocrx_word' id='word_1_13' title='bbox 316 333 495 377; x_wconf 83' lang='lat' dir='ltr'>haereat.</span> <span class='ocrx_word' id='word_1_14' title='bbox 555 329 711 388; x_wconf 80' lang='lat' dir='ltr'>Figura</span> <span class='ocrx_word' id='word_1_15' title='bbox 734 328 1027 372; x_wconf 75' lang='lat' dir='ltr'>MARTENSH</span> <span class='ocrx_word' id='word_1_16' title='bbox 1049 326 1165 387; x_wconf 83' lang='lat' dir='ltr'>supra</span> <span class='ocrx_word' id='word_1_17' title='bbox 1192 329 1314 370; x_wconf 83' lang='lat' dir='ltr'>citata</span> <span class='ocrx_word' id='word_1_18' title='bbox 1344 329 1385 370; x_wconf 91' lang='lat' dir='ltr'>id</span> <span class='ocrx_word' id='word_1_19' title='bbox 1408 327 1513 372; x_wconf 86' lang='lat' dir='ltr'>boni</span> <span class='ocrx_word' id='word_1_20' title='bbox 1534 328 1683 379; x_wconf 83' lang='lat' dir='ltr'>habet,</span> <span class='ocrx_word' id='word_1_21' title='bbox 1714 332 1828 390; x_wconf 88' lang='lat' dir='ltr'>quod</span> 
     </span>
     <span class='ocr_line' id='line_1_4' title="bbox 317 386 1828 447; baseline 0.001 -16"><span class='ocrx_word' id='word_1_22' title='bbox 317 390 527 447; x_wconf 83' lang='lat' dir='ltr'>exprimat</span> <span class='ocrx_word' id='word_1_23' title='bbox 550 386 690 436; x_wconf 79' lang='lat' dir='ltr'>situm,</span> <span class='ocrx_word' id='word_1_24' title='bbox 739 403 824 446; x_wconf 92' lang='lat' dir='ltr'>quo</span> <span class='ocrx_word' id='word_1_25' title='bbox 852 387 1014 444; x_wconf 80' lang='lat' dir='ltr'>Oniscm</span> <span class='ocrx_word' id='word_1_26' title='bbox 1030 389 1379 444; x_wconf 79' lang='lat' dir='ltr'>scolopendroicz&#39;es</span> <span class='ocrx_word' id='word_1_27' title='bbox 1399 389 1443 430; x_wconf 91' lang='lat' dir='ltr'>in</span> <span class='ocrx_word' id='word_1_28' title='bbox 1472 402 1578 447; x_wconf 87' lang='lat' dir='ltr'>aqua</span> <span class='ocrx_word' id='word_1_29' title='bbox 1600 388 1645 431; x_wconf 65' lang='grc' dir='ltr'>ὀὶ</span> <span class='ocrx_word' id='word_1_30' title='bbox 1671 389 1828 447; x_wconf 84' lang='lat' dir='ltr'>Spiritu</span> 
     </span>
     <span class='ocr_line' id='line_1_5' title="bbox 315 443 1304 493; baseline -0.004 -2"><span class='ocrx_word' id='word_1_31' title='bbox 315 449 403 493; x_wconf 84' lang='lat' dir='ltr'>vini</span> <span class='ocrx_word' id='word_1_32' title='bbox 420 445 641 491; x_wconf 88' lang='lat' dir='ltr'>convulsus</span> <span class='ocrx_word' id='word_1_33' title='bbox 665 447 775 488; x_wconf 88' lang='lat' dir='ltr'>mori</span> <span class='ocrx_word' id='word_1_34' title='bbox 799 445 1035 489; x_wconf 86' lang='lat' dir='ltr'>constanter</span> <span class='ocrx_word' id='word_1_35' title='bbox 1051 443 1304 490; x_wconf 86' lang='lat' dir='ltr'>observatur.</span> 
     </span>
    </p>
   </div>
   <div class='ocr_carea' id='block_1_3' title="bbox 716 541 1441 594">
    <p class='ocr_par' dir='ltr' id='par_1_3' title="bbox 716 541 1441 594">
     <span class='ocr_line' id='line_1_6' title="bbox 716 541 1441 594; baseline -0.003 0"><span class='ocrx_word' id='word_1_36' title='bbox 716 541 1441 594; x_wconf 89' lang='lat' dir='ltr'>DESCRIPTIO</span> 
     </span>
    </p>
   </div>
   <div class='ocr_carea' id='block_1_4' title="bbox 373 627 1788 797">
    <p class='ocr_par' dir='ltr' id='par_1_4' title="bbox 373 627 1788 797">
     <span class='ocr_line' id='line_1_7' title="bbox 373 627 1788 695; baseline 0 0"><span class='ocrx_word' id='word_1_37' title='bbox 373 627 729 695; x_wconf 81' lang='lat' dir='ltr'><em>ONISCI</em></span> <span class='ocrx_word' id='word_1_38' title='bbox 807 627 1788 695; x_wconf 78' lang='lat' dir='ltr'><em>SCOLOPENDROIDIS.</em></span> 
     </span>
     <span class='ocr_line' id='line_1_8' title="bbox 749 729 1413 797; baseline -0.002 -17"><span class='ocrx_word' id='word_1_39' title='bbox 749 729 859 781; x_wconf 76' lang='lat' dir='ltr'>Tab.</span> <span class='ocrx_word' id='word_1_40' title='bbox 883 731 976 780; x_wconf 82' lang='lat' dir='ltr'>JV.</span> <span class='ocrx_word' id='word_1_41' title='bbox 1012 731 1119 797; x_wconf 64' lang='lat' dir='ltr'>Fig.</span> <span class='ocrx_word' id='word_1_42' title='bbox 1147 746 1202 791; x_wconf 84' lang='lat'>15.</span> <span class='ocrx_word' id='word_1_43' title='bbox 1222 731 1288 780; x_wconf 84' lang='lat' dir='ltr'>A.</span> <span class='ocrx_word' id='word_1_44' title='bbox 1313 729 1360 784; x_wconf 74' lang='lat' dir='ltr'>b.</span> <span class='ocrx_word' id='word_1_45' title='bbox 1376 747 1413 780; x_wconf 83' lang='lat' dir='ltr'>c.</span> 
     </span>
    </p>
   </div>
   <div class='ocr_carea' id='block_1_5' title="bbox 317 801 1847 893">
    <p class='ocr_par' dir='ltr' id='par_1_5' title="bbox 317 801 1847 893">
     <span class='ocr_line' id='line_1_9' title="bbox 317 801 1847 893; baseline -0.003 -26"><span class='ocrx_word' id='word_1_46' title='bbox 317 801 571 893; x_wconf 67' lang='lat' dir='ltr'>Lopgitudo</span> <span class='ocrx_word' id='word_1_47' title='bbox 588 823 708 883; x_wconf 83' lang='lat' dir='ltr'>digiti</span> <span class='ocrx_word' id='word_1_48' title='bbox 724 822 954 873; x_wconf 74' lang='lat' dir='ltr'>transversi,</span> <span class='ocrx_word' id='word_1_49' title='bbox 980 821 1176 866; x_wconf 79' lang='lat' dir='ltr'>rariffime</span> <span class='ocrx_word' id='word_1_50' title='bbox 1192 823 1410 881; x_wconf 85' lang='lat' dir='ltr'>pollicaris.</span> <span class='ocrx_word' id='word_1_51' title='bbox 1460 823 1611 879; x_wconf 75' lang='lat' dir='ltr'>Corpus</span> <span class='ocrx_word' id='word_1_52' title='bbox 1626 821 1847 874; x_wconf 50' lang='lat' dir='ltr'>filiforme„</span> 
     </span>
    </p>
   </div>
   <div class='ocr_carea' id='block_1_6' title="bbox 319 880 1839 1930">
    <p class='ocr_par' dir='ltr' id='par_1_6' title="bbox 319 880 1833 987">
     <span class='ocr_line' id='line_1_10' title="bbox 319 880 1833 941; baseline -0.003 -13"><span class='ocrx_word' id='word_1_53' title='bbox 319 883 570 935; x_wconf 80' lang='lat' dir='ltr'>varicosum,</span> <span class='ocrx_word' id='word_1_54' title='bbox 600 881 759 941; x_wconf 86' lang='lat' dir='ltr'><strong>septem</strong></span> <span class='ocrx_word' id='word_1_55' title='bbox 778 882 1064 934; x_wconf 85' lang='lat' dir='ltr'>articulorum,</span> <span class='ocrx_word' id='word_1_56' title='bbox 1099 897 1124 924; x_wconf 88' lang='lat' dir='ltr'>e</span> <span class='ocrx_word' id='word_1_57' title='bbox 1148 880 1298 940; x_wconf 90' lang='lat' dir='ltr'>quibus</span> <span class='ocrx_word' id='word_1_58' title='bbox 1315 881 1566 940; x_wconf 85' lang='lat' dir='ltr'>posteriores</span> <span class='ocrx_word' id='word_1_59' title='bbox 1587 880 1734 932; x_wconf 81' lang='lat' dir='ltr'>sensim</span> <span class='ocrx_word' id='word_1_60' title='bbox 1757 882 1833 924; x_wconf 88' lang='lat' dir='ltr'>mi-</span> 
     </span>
     <span class='ocr_line' id='line_1_11' title="bbox 319 958 1769 987; baseline -0.005 0"><span class='ocrx_word' id='word_1_61' title='bbox 319 958 458 987; x_wconf 89' lang='lat' dir='ltr'>nores.</span> <span class='ocrx_word' id='word_1_62' title='bbox 1767 963 1769 965; x_wconf 89' lang='lat'><em>-</em></span> 
     </span>
    </p>

    <p class='ocr_par' dir='ltr' id='par_1_7' title="bbox 319 996 1837 1224">
     <span class='ocr_line' id='line_1_12' title="bbox 439 996 1837 1056; baseline -0.003 -13"><span class='ocrx_word' id='word_1_63' title='bbox 439 1001 569 1056; x_wconf 77' lang='lat' dir='ltr'>Caput</span> <span class='ocrx_word' id='word_1_64' title='bbox 583 997 892 1042; x_wconf 80' lang='lat' dir='ltr'>craffiusculum.</span> <span class='ocrx_word' id='word_1_65' title='bbox 953 1001 1172 1040; x_wconf 74' lang='lat' dir='ltr'>Antennae</span> <span class='ocrx_word' id='word_1_66' title='bbox 1187 999 1377 1051; x_wconf 78' lang='lat' dir='ltr'>majores,</span> <span class='ocrx_word' id='word_1_67' title='bbox 1410 1003 1433 1045; x_wconf 59' lang='grc' dir='ltr'><em>ξ</em></span> <span class='ocrx_word' id='word_1_68' title='bbox 1452 998 1640 1056; x_wconf 82' lang='lat' dir='ltr'>corporis</span> <span class='ocrx_word' id='word_1_69' title='bbox 1656 996 1837 1055; x_wconf 85' lang='lat' dir='ltr'>longitu-</span> 
     </span>
     <span class='ocr_line' id='line_1_13' title="bbox 321 1055 1835 1116; baseline -0.005 -13"><span class='ocrx_word' id='word_1_70' title='bbox 321 1061 439 1107; x_wconf 88' lang='lat' dir='ltr'>dine;</span> <span class='ocrx_word' id='word_1_71' title='bbox 481 1071 647 1116; x_wconf 82' lang='lat' dir='ltr'>praeter</span> <span class='ocrx_word' id='word_1_72' title='bbox 676 1056 791 1099; x_wconf 87' lang='lat' dir='ltr'>filum</span> <span class='ocrx_word' id='word_1_73' title='bbox 826 1056 1032 1098; x_wconf 77' lang='lat' dir='ltr'>i&#39;etaceum</span> <span class='ocrx_word' id='word_1_74' title='bbox 1063 1056 1304 1105; x_wconf 54' lang='lat' dir='ltr'>ternum-1¹2,</span> <span class='ocrx_word' id='word_1_75' title='bbox 1342 1056 1653 1104; x_wconf 86' lang='lat' dir='ltr'>triarticulatae‚</span> <span class='ocrx_word' id='word_1_76' title='bbox 1691 1055 1835 1097; x_wconf 90' lang='lat' dir='ltr'>medio</span> 
     </span>
     <span class='ocr_line' id='line_1_14' title="bbox 319 1102 1836 1169; baseline -0.004 -10"><span class='ocrx_word' id='word_1_77' title='bbox 319 1123 476 1169; x_wconf 86' lang='lat' dir='ltr'>majore</span> <span class='ocrx_word' id='word_1_78' title='bbox 492 1112 753 1156; x_wconf 58' lang='lat' dir='ltr'>&amp;craffiora</span> <span class='ocrx_word' id='word_1_79' title='bbox 816 1115 1085 1154; x_wconf 67' lang='lat' dir='ltr'>Intermedme</span> <span class='ocrx_word' id='word_1_80' title='bbox 1103 1112 1175 1153; x_wconf 77' lang='lat' dir='ltr'>sub</span> <span class='ocrx_word' id='word_1_81' title='bbox 1195 1102 1441 1163; x_wconf 66' lang='lat' dir='ltr'>mansoribus,</span> <span class='ocrx_word' id='word_1_82' title='bbox 1467 1112 1647 1153; x_wconf 86' lang='lat' dir='ltr'>dimidio</span> <span class='ocrx_word' id='word_1_83' title='bbox 1670 1111 1836 1155; x_wconf 82' lang='lat' dir='ltr'>brevio-</span> 
     </span>
     <span class='ocr_line' id='line_1_15' title="bbox 319 1172 651 1224; baseline -0.018 -6"><span class='ocrx_word' id='word_1_84' title='bbox 319 1191 408 1224; x_wconf 83' lang='lat' dir='ltr'>res,</span> <span class='ocrx_word' id='word_1_85' title='bbox 440 1172 651 1216; x_wconf 74' lang='lat' dir='ltr'>exiliores.</span> 
     </span>
    </p>

    <p class='ocr_par' dir='ltr' id='par_1_8' title="bbox 321 1222 1837 1394">
     <span class='ocr_line' id='line_1_16' title="bbox 438 1222 1837 1285; baseline -0.002 -12"><span class='ocrx_word' id='word_1_86' title='bbox 438 1232 552 1285; x_wconf 69' lang='lat' dir='ltr'>Palpz·</span> <span class='ocrx_word' id='word_1_87' title='bbox 572 1229 623 1271; x_wconf 85' lang='lat' dir='ltr'>ad</span> <span class='ocrx_word' id='word_1_88' title='bbox 641 1244 689 1271; x_wconf 88' lang='lat' dir='ltr'>os</span> <span class='ocrx_word' id='word_1_89' title='bbox 711 1226 845 1270; x_wconf 81' lang='lat' dir='ltr'>exiles</span> <span class='ocrx_word' id='word_1_90' title='bbox 859 1259 868 1275; x_wconf 91' lang='lat'>‚</span> <span class='ocrx_word' id='word_1_91' title='bbox 900 1225 945 1269; x_wconf 65' lang='grc' dir='ltr'>ἃς</span> <span class='ocrx_word' id='word_1_92' title='bbox 962 1240 1096 1284; x_wconf 90' lang='lat' dir='ltr'>prope</span> <span class='ocrx_word' id='word_1_93' title='bbox 1114 1240 1163 1268; x_wconf 89' lang='lat' dir='ltr'>os</span> <span class='ocrx_word' id='word_1_94' title='bbox 1176 1222 1392 1269; x_wconf 88' lang='lat' dir='ltr'>brachiola</span> <span class='ocrx_word' id='word_1_95' title='bbox 1409 1225 1496 1268; x_wconf 89' lang='lat' dir='ltr'>duo</span> <span class='ocrx_word' id='word_1_96' title='bbox 1510 1226 1683 1276; x_wconf 85' lang='lat' dir='ltr'>minuta,</span> <span class='ocrx_word' id='word_1_97' title='bbox 1711 1226 1837 1270; x_wconf 89' lang='lat' dir='ltr'>cheli·</span> 
     </span>
     <span class='ocr_line' id='line_1_17' title="bbox 321 1283 1837 1349; baseline -0.002 -18"><span class='ocrx_word' id='word_1_98' title='bbox 321 1292 429 1339; x_wconf 83' lang='lat' dir='ltr'>fera,</span> <span class='ocrx_word' id='word_1_99' title='bbox 461 1290 532 1349; x_wconf 89' lang='lat' dir='ltr'>qui</span> <span class='ocrx_word' id='word_1_100' title='bbox 552 1288 733 1346; x_wconf 87' lang='lat' dir='ltr'>primum</span> <span class='ocrx_word' id='word_1_101' title='bbox 755 1301 828 1343; x_wconf 83' lang='lat' dir='ltr'>par</span> <span class='ocrx_word' id='word_1_102' title='bbox 847 1284 936 1327; x_wconf 87' lang='lat' dir='ltr'>sunt</span> <span class='ocrx_word' id='word_1_103' title='bbox 951 1284 1131 1343; x_wconf 87' lang='lat' dir='ltr'>pedum,</span> <span class='ocrx_word' id='word_1_104' title='bbox 1160 1299 1239 1342; x_wconf 89' lang='lat' dir='ltr'>pro</span> <span class='ocrx_word' id='word_1_105' title='bbox 1258 1283 1514 1342; x_wconf 89' lang='lat' dir='ltr'>complendo</span> <span class='ocrx_word' id='word_1_106' title='bbox 1536 1299 1715 1328; x_wconf 88' lang='lat' dir='ltr'>numero</span> <span class='ocrx_word' id='word_1_107' title='bbox 1741 1299 1837 1344; x_wconf 89' lang='lat' dir='ltr'>qua-</span> 
     </span>
     <span class='ocr_line' id='line_1_18' title="bbox 321 1343 1012 1394; baseline -0.014 0"><span class='ocrx_word' id='word_1_108' title='bbox 321 1347 610 1394; x_wconf 85' lang='lat' dir='ltr'>tuordenario,</span> <span class='ocrx_word' id='word_1_109' title='bbox 644 1344 809 1388; x_wconf 75' lang='lat' dir='ltr'>Oniscis</span> <span class='ocrx_word' id='word_1_110' title='bbox 828 1343 1012 1386; x_wconf 87' lang='lat' dir='ltr'>solemni.</span> 
     </span>
    </p>

    <p class='ocr_par' dir='ltr' id='par_1_9' title="bbox 324 1399 1838 1581">
     <span class='ocr_line' id='line_1_19' title="bbox 442 1399 1837 1459; baseline -0.004 -11"><span class='ocrx_word' id='word_1_111' title='bbox 442 1405 514 1448; x_wconf 81' lang='lat' dir='ltr'>Ad</span> <span class='ocrx_word' id='word_1_112' title='bbox 543 1403 673 1445; x_wconf 81' lang='lat' dir='ltr'>finem</span> <span class='ocrx_word' id='word_1_113' title='bbox 703 1402 862 1444; x_wconf 79' lang='lat' dir='ltr'>articuli</span> <span class='ocrx_word' id='word_1_114' title='bbox 897 1400 1063 1443; x_wconf 86' lang='lat' dir='ltr'>secundi</span> <span class='ocrx_word' id='word_1_115' title='bbox 1091 1399 1313 1458; x_wconf 83' lang='lat' dir='ltr'>praelongi</span> <span class='ocrx_word' id='word_1_116' title='bbox 1341 1401 1508 1442; x_wconf 63' lang='lat' dir='ltr'>brachia</span> <span class='ocrx_word' id='word_1_117' title='bbox 1536 1401 1621 1443; x_wconf 69' lang='lat' dir='ltr'>cluo</span> <span class='ocrx_word' id='word_1_118' title='bbox 1651 1399 1837 1459; x_wconf 82' lang='lat' dir='ltr'>insignia,</span> 
     </span>
     <span class='ocr_line' id='line_1_20' title="bbox 324 1454 1838 1520; baseline -0.005 -12"><span class='ocrx_word' id='word_1_119' title='bbox 324 1466 441 1508; x_wconf 67' lang='lat' dir='ltr'>cheliv</span> <span class='ocrx_word' id='word_1_120' title='bbox 468 1462 653 1520; x_wconf 81' lang='lat' dir='ltr'>magnis,</span> <span class='ocrx_word' id='word_1_121' title='bbox 693 1457 935 1502; x_wconf 78' lang='lat' dir='ltr'>ventricosis</span> <span class='ocrx_word' id='word_1_122' title='bbox 962 1459 1069 1513; x_wconf 81' lang='lat' dir='ltr'>(litt.</span> <span class='ocrx_word' id='word_1_123' title='bbox 1089 1459 1154 1513; x_wconf 78' lang='lat' dir='ltr'>h.)</span> <span class='ocrx_word' id='word_1_124' title='bbox 1190 1454 1406 1507; x_wconf 58' lang='lat' dir='ltr'>instructa,</span> <span class='ocrx_word' id='word_1_125' title='bbox 1451 1473 1633 1518; x_wconf 89' lang='lat' dir='ltr'>quorum</span> <span class='ocrx_word' id='word_1_126' title='bbox 1664 1458 1838 1502; x_wconf 83' lang='lat' dir='ltr'>falculae</span> 
     </span>
     <span class='ocr_line' id='line_1_21' title="bbox 325 1514 1005 1581; baseline -0.015 -15"><span class='ocrx_word' id='word_1_127' title='bbox 325 1520 548 1581; x_wconf 84' lang='lat' dir='ltr'>respondet</span> <span class='ocrx_word' id='word_1_128' title='bbox 564 1518 795 1561; x_wconf 87' lang='lat' dir='ltr'>denticulus</span> <span class='ocrx_word' id='word_1_129' title='bbox 813 1517 866 1558; x_wconf 83' lang='lat' dir='ltr'>acl</span> <span class='ocrx_word' id='word_1_130' title='bbox 882 1514 1005 1558; x_wconf 78' lang='lat' dir='ltr'>basin.</span> 
     </span>
    </p>

    <p class='ocr_par' dir='ltr' id='par_1_10' title="bbox 326 1572 1839 1806">
     <span class='ocr_line' id='line_1_22' title="bbox 441 1572 1837 1635; baseline -0.004 -14"><span class='ocrx_word' id='word_1_131' title='bbox 441 1579 491 1621; x_wconf 85' lang='lat' dir='ltr'>In</span> <span class='ocrx_word' id='word_1_132' title='bbox 520 1577 633 1620; x_wconf 88' lang='lat' dir='ltr'>tertii</span> <span class='ocrx_word' id='word_1_133' title='bbox 663 1576 881 1635; x_wconf 83' lang='lat' dir='ltr'>quartique</span> <span class='ocrx_word' id='word_1_134' title='bbox 912 1572 1071 1616; x_wconf 85' lang='lat' dir='ltr'>articuli</span> <span class='ocrx_word' id='word_1_135' title='bbox 1100 1572 1246 1615; x_wconf 91' lang='lat' dir='ltr'>medio</span> <span class='ocrx_word' id='word_1_136' title='bbox 1276 1572 1471 1633; x_wconf 85' lang='lat' dir='ltr'>utrinque</span> <span class='ocrx_word' id='word_1_137' title='bbox 1500 1574 1670 1627; x_wconf 79' lang='lat' dir='ltr'>vesicula</span> <span class='ocrx_word' id='word_1_138' title='bbox 1698 1585 1837 1623; x_wconf 85' lang='lat' dir='ltr'>ovata,</span> 
     </span>
     <span class='ocr_line' id='line_1_23' title="bbox 326 1629 1839 1698; baseline -0.005 -17"><span class='ocrx_word' id='word_1_139' title='bbox 326 1639 572 1698; x_wconf 87' lang='lat' dir='ltr'>plerumque</span> <span class='ocrx_word' id='word_1_140' title='bbox 599 1634 652 1677; x_wconf 89' lang='lat' dir='ltr'>ad</span> <span class='ocrx_word' id='word_1_141' title='bbox 684 1631 851 1676; x_wconf 87' lang='lat' dir='ltr'>dorsum</span> <span class='ocrx_word' id='word_1_142' title='bbox 880 1631 1095 1679; x_wconf 84' lang='lat' dir='ltr'>reclinata;</span> <span class='ocrx_word' id='word_1_143' title='bbox 1146 1645 1254 1690; x_wconf 85' lang='lat' dir='ltr'>quae</span> <span class='ocrx_word' id='word_1_144' title='bbox 1289 1629 1379 1673; x_wconf 88' lang='lat' dir='ltr'>sunt</span> <span class='ocrx_word' id='word_1_145' title='bbox 1414 1632 1511 1674; x_wconf 87' lang='lat' dir='ltr'>loco</span> <span class='ocrx_word' id='word_1_146' title='bbox 1540 1633 1699 1689; x_wconf 89' lang='lat' dir='ltr'>pedum</span> <span class='ocrx_word' id='word_1_147' title='bbox 1729 1633 1839 1675; x_wconf 85' lang='lat' dir='ltr'>tertii</span> 
     </span>
     <span class='ocr_line' id='line_1_24' title="bbox 327 1687 1838 1757; baseline -0.004 -18"><span class='ocrx_word' id='word_1_148' title='bbox 327 1697 544 1757; x_wconf 82' lang='lat' dir='ltr'>quartique</span> <span class='ocrx_word' id='word_1_149' title='bbox 563 1694 682 1751; x_wconf 82' lang='lat' dir='ltr'>paris.</span> <span class='ocrx_word' id='word_1_150' title='bbox 742 1689 833 1734; x_wconf 82' lang='lat' dir='ltr'>Sub</span> <span class='ocrx_word' id='word_1_151' title='bbox 854 1689 963 1733; x_wconf 89' lang='lat' dir='ltr'>hisce</span> <span class='ocrx_word' id='word_1_152' title='bbox 980 1689 1159 1732; x_wconf 83' lang='lat' dir='ltr'>articulis</span> <span class='ocrx_word' id='word_1_153' title='bbox 1176 1690 1218 1731; x_wconf 84' lang='lat' dir='ltr'>in</span> <span class='ocrx_word' id='word_1_154' title='bbox 1242 1687 1420 1732; x_wconf 88' lang='lat' dir='ltr'>femellis</span> <span class='ocrx_word' id='word_1_155' title='bbox 1443 1689 1588 1732; x_wconf 85' lang='lat' dir='ltr'>adsunt</span> <span class='ocrx_word' id='word_1_156' title='bbox 1602 1691 1755 1746; x_wconf 78' lang='lat' dir='ltr'>foliola</span> <span class='ocrx_word' id='word_1_157' title='bbox 1779 1702 1838 1733; x_wconf 82' lang='lat' dir='ltr'>te-</span> 
     </span>
     <span class='ocr_line' id='line_1_25' title="bbox 327 1745 1657 1806; baseline -0.006 -8"><span class='ocrx_word' id='word_1_158' title='bbox 327 1756 529 1801; x_wconf 83' lang='lat' dir='ltr'>nerrima,</span> <span class='ocrx_word' id='word_1_159' title='bbox 559 1751 830 1794; x_wconf 83' lang='lat' dir='ltr'>conniventia</span> <span class='ocrx_word' id='word_1_160' title='bbox 847 1750 888 1791; x_wconf 87' lang='lat' dir='ltr'>in</span> <span class='ocrx_word' id='word_1_161' title='bbox 905 1748 1098 1806; x_wconf 86' lang='lat' dir='ltr'>calycem</span> <span class='ocrx_word' id='word_1_162' title='bbox 1113 1745 1403 1796; x_wconf 78' lang='lat' dir='ltr'>veficularem,</span> <span class='ocrx_word' id='word_1_163' title='bbox 1434 1747 1657 1791; x_wconf 87' lang='lat' dir='ltr'>oviferum.</span> 
     </span>
    </p>

    <p class='ocr_par' dir='ltr' id='par_1_11' title="bbox 328 1804 1839 1930">
     <span class='ocr_line' id='line_1_26' title="bbox 443 1804 1838 1868; baseline -0.004 -15"><span class='ocrx_word' id='word_1_164' title='bbox 443 1810 615 1854; x_wconf 81' lang='lat' dir='ltr'>Articuli</span> <span class='ocrx_word' id='word_1_165' title='bbox 632 1808 829 1868; x_wconf 87' lang='lat' dir='ltr'>postremi</span> <span class='ocrx_word' id='word_1_166' title='bbox 845 1804 1029 1849; x_wconf 72' lang='lat' dir='ltr'>instruffl</span> <span class='ocrx_word' id='word_1_167' title='bbox 1041 1807 1222 1861; x_wconf 71' lang='lat' dir='ltr'>pedibus,</span> <span class='ocrx_word' id='word_1_168' title='bbox 1252 1821 1278 1856; x_wconf 77' lang='grc'><em>5</em></span> <span class='ocrx_word' id='word_1_169' title='bbox 1297 1806 1341 1848; x_wconf 72' lang='grc' dir='ltr'>ὄι</span> <span class='ocrx_word' id='word_1_170' title='bbox 1362 1816 1398 1849; x_wconf 82' lang='lat'>6.</span> <span class='ocrx_word' id='word_1_171' title='bbox 1420 1804 1717 1855; x_wconf 86' lang='lat' dir='ltr'>ambulatoriis,</span> <span class='ocrx_word' id='word_1_172' title='bbox 1749 1806 1838 1848; x_wconf 89' lang='lat' dir='ltr'>uni·</span> 
     </span>
     <span class='ocr_line' id='line_1_27' title="bbox 328 1863 1839 1930; baseline -0.005 -17"><span class='ocrx_word' id='word_1_173' title='bbox 328 1868 626 1930; x_wconf 66' lang='lat' dir='ltr'>unguicukffls,</span> <span class='ocrx_word' id='word_1_174' title='bbox 671 1865 869 1925; x_wconf 89' lang='lat' dir='ltr'>septimus</span> <span class='ocrx_word' id='word_1_175' title='bbox 904 1863 1188 1923; x_wconf 80' lang='lat' dir='ltr'>longioribuS,</span> <span class='ocrx_word' id='word_1_176' title='bbox 1236 1878 1449 1924; x_wconf 84' lang='lat' dir='ltr'>parvaque</span> <span class='ocrx_word' id='word_1_177' title='bbox 1490 1863 1609 1907; x_wconf 90' lang='lat' dir='ltr'>chela</span> <span class='ocrx_word' id='word_1_178' title='bbox 1645 1865 1839 1908; x_wconf 88' lang='lat' dir='ltr'>termina-</span> 
     </span>
    </p>
   </div>
   <div class='ocr_carea' id='block_1_7' title="bbox 329 1928 598 1986">
    <p class='ocr_par' dir='ltr' id='par_1_12' title="bbox 329 1928 598 1986">
     <span class='ocr_line' id='line_1_28' title="bbox 329 1928 598 1986; baseline -0.019 -14"><span class='ocrx_word' id='word_1_179' title='bbox 329 1932 382 1972; x_wconf 74' lang='lat' dir='ltr'>tis</span> <span class='ocrx_word' id='word_1_180' title='bbox 409 1928 503 1986; x_wconf 78' lang='lat' dir='ltr'><em>(fig.</em></span> <span class='ocrx_word' id='word_1_181' title='bbox 526 1928 598 1980; x_wconf 61' lang='grc' dir='ltr'>ε.)</span> 
     </span>
    </p>
   </div>
   <div class='ocr_carea' id='block_1_8' title="bbox 446 1978 1702 2039">
    <p class='ocr_par' dir='ltr' id='par_1_13' title="bbox 446 1978 1702 2039">
     <span class='ocr_line' id='line_1_29' title="bbox 446 1978 1702 2039; baseline -0.006 -10"><span class='ocrx_word' id='word_1_182' title='bbox 446 1983 656 2029; x_wconf 66' lang='grc' dir='ltr'>Ιηΐεάὲυιη</span> <span class='ocrx_word' id='word_1_183' title='bbox 677 1994 814 2026; x_wconf 88' lang='lat' dir='ltr'>totum</span> <span class='ocrx_word' id='word_1_184' title='bbox 834 1981 983 2031; x_wconf 88' lang='lat' dir='ltr'>molle,</span> <span class='ocrx_word' id='word_1_185' title='bbox 1013 1978 1622 2039; x_wconf 86' lang='lat' dir='ltr'>flavescenti·subpellucidum.</span> <span class='ocrx_word' id='word_1_186' title='bbox 1696 2009 1702 2015; x_wconf 86' lang='lat'><em>-</em></span> 
     </span>
    </p>
   </div>
   <div class='ocr_carea' id='block_1_9' title="bbox 964 2097 1214 2110">
    <p class='ocr_par' dir='ltr' id='par_1_14' title="bbox 964 2097 1214 2110">
     <span class='ocr_line' id='line_1_30' title="bbox 964 2097 1214 2110; baseline 0 0"><span class='ocrx_word' id='word_1_187' title='bbox 964 2097 1214 2110; x_wconf 95' lang='lat' dir='ltr'> </span> 
     </span>
    </p>
   </div>
   <div class='ocr_carea' id='block_1_10' title="bbox 964 2114 1213 2122">
    <p class='ocr_par' dir='ltr' id='par_1_15' title="bbox 964 2114 1213 2122">
     <span class='ocr_line' id='line_1_31' title="bbox 964 2114 1213 2122; baseline 0 579"><span class='ocrx_word' id='word_1_188' title='bbox 964 2114 1213 2122; x_wconf 95' lang='lat' dir='ltr'> </span> 
     </span>
    </p>
   </div>
   <div class='ocr_carea' id='block_1_11' title="bbox 1543 2187 1836 2235">
    <p class='ocr_par' dir='ltr' id='par_1_16' title="bbox 1543 2187 1836 2235">
     <span class='ocr_line' id='line_1_32' title="bbox 1543 2187 1836 2235; baseline -0.007 0"><span class='ocrx_word' id='word_1_189' title='bbox 1543 2187 1836 2235; x_wconf 87' lang='lat' dir='ltr'><strong>ASTACUS</strong></span> 
     </span>
    </p>
   </div>
  </div>
 </body>
</html>
