1998 2701
433 283 560 335 Caput
576 288 621 321 ut
637 278 679 320 in
700 277 868 321 eodem.
928 278 1146 321 Antemnae
1169 278 1294 336 paulo
1315 279 1548 337 longiores,
1582 277 1666 323 seta·
1687 285 1826 325 termi-

314 338 395 383 nali
417 353 463 380 12
485 335 763 380 articulorum.
823 337 1098 379 Intermea’iae
1114 337 1334 386 minimae,
1373 337 1644 381 extremitate
1670 338 1828 390 lineari,

315 396 453 440 subtus
471 393 610 454 pilosa.
1816 426 1817 429 η

430 455 554 496 Pedes
569 453 711 512 plane,
738 464 785 496 ut
803 453 844 495 in
860 452 916 497 O.
933 453 1156 512 ungulato;
1188 453 1437 513 posteriores
1454 454 1586 497 etiam
1608 453 1723 497 tarsis.
1742 453 1825 499 sub-

313 523 393 561 tus,
427 510 497 554 secl
514 508 777 559 subtiliffime,
795 510 967 554 serratis.

432 571 597 612 Loricae
613 570 801 627 corporis
817 569 978 628 angulis
995 570 1159 628 posticis
1175 568 1486 612 rotundioribus
1497 602 1507 619 ,
1538 585 1666 629 quam
1685 571 1728 612 in
1745 570 1825 613 illo.

431 628 597 670 ‘Ccmdae
615 627 768 671 loricae
789 644 811 672 2
831 628 1029 678 lineares,
1061 626 1298 677 distintstaffi
1327 629 1447 671 tertia
1467 640 1629 671 tantum
1649 628 1702 671 ad
1722 643 1826 671 mar-

316 686 462 744 ginem
477 685 668 728 indicata.

421 745 575 799 Scapha
607 742 817 802 oblonga,
853 758 1087 787 convexo·
1106 743 1379 793 subcarinata,
1417 745 1535 801 apice
1562 756 1747 788 truncata
1782 744 1827 787 (ἵε

317 799 632 850 subtridentata‚
662 803 808 844 medio
824 817 1027 845 mucrone
1043 801 1315 860 productiore
1334 803 1562 854 latiusculo,
1594 801 1828 846 lateralibus

318 857 526 902 obsoletis.
620 860 774 902 Valvae
800 859 939 903 subtus
971 860 1401 919 oblongo-lineares,
1439 860 1669 904 antrorsum
1701 861 1826 919 paulo

316 931 368 960 an
403 917 595 967 ustiores,
624 916 798 975 scaphae
816 917 955 961 subtus
977 919 1019 960 in
1037 917 1248 976 superficie
1265 919 1437 968 adnata,
1468 920 1663 977 portione
1687 919 1826 961 termi-

317 933 401 1017 ηεξ
434 974 575 1019 libera.
653 977 872 1019 Pea'mzculi
899 975 1169 1021 subcaudales
1200 978 1382 1036 quinque
1412 979 1594 1035 parium,
1638 975 1827 1025 bifoliati,

315 1045 479 1091 praeter
497 1033 740 1091 postremos.

435 1092 569 1137 Color,
600 1103 645 1132 ut
662 1089 778 1146 supra
795 1091 989 1146 exposui,
1024 1093 1175 1131 varius.
1233 1092 1493 1135 Varietatem
1516 1091 1636 1134 fascia
1656 1092 1828 1148 gemina

313 1148 383 1203 fig.
405 1156 439 1190 6.
462 1148 520 1195 A.
557 1146 728 1189 alteram
756 1145 875 1189 fascia
902 1147 980 1188 lata
1003 1144 1174 1205 simplici
1189 1147 1266 1202 fig.
1286 1147 1338 1194 Β,
1379 1147 1640 1189 unicolorem
1668 1148 1740 1204 fig.
1760 1149 1798 1189 C.
1811 1163 1826 1203 ,-

316 1204 659 1306 &histrionicam
678 1205 758 1261 fig.
785 1206 838 1247 D.
862 1205 1080 1264 exprimitv
1151 1206 1381 1261 Lorzgitado
1415 1202 1562 1249 infesti
1585 1209 1661 1261 9¹¹¹.
1733 1204 1825 1250 Ma-

333 1263 415 1306 culi
429 1263 627 1306 minores.

718 1422 723 1426 .
1055 1413 1061 1425 2
1198 1379 1797 1438 ‘twa-:Q

740 1508 1413 1613 ONISCUS

654 1648 1492 1718 LJNEARJs

318 1800 649 1979 Oniscum
671 1845 912 1906 physodem⁴
935 1843 1168 1891 ΙΛΝΝΑῈΙ
1195 1844 1308 1890 hunc
1333 1846 1464 1906 ipsum
1487 1849 1670 1907 primum
1692 1849 1820 1892 credi·

551 1906 614 1953 di;
658 1907 858 1949 convenit
883 1906 995 1949 enim
1007 1935 1020 1953 ‚-
1057 1921 1133 1964 per
1165 1904 1362 1949 veficulas
1394 1904 1678 1956 subcaudales‚
1721 1923 1818 1950 cum

549 1963 620 2005 ista
635 1961 780 2021 specie.
840 1964 927 2007 Sed
942 1964 1098 2021 reliqua
1118 1963 1323 2006 differunt.
1383 1964 1464 2007 Vel
1479 1964 1597 2007 hunc
1613 1966 1682 2008 vel
1703 1969 1817 2023 prae-

315 2020 538 2064 cedentem
565 2019 756 2065 describit
777 2021 1184 2067 WILLUGHBEJUS
1211 2021 1325 2081 apud
1345 2022 1512 2068 RAJUM
1546 2024 1656 2079 (hist.
1684 2023 1757 2079 ins
1772 2032 1815 2077 p.

316 2080 412 2132 42.)
436 2078 564 2121 Aselli
588 2081 737 2123 marini
753 2078 1054 2124 Cornubienfis
1072 2080 1205 2123 titulo.
1265 2078 1549 2123 Verosimilius
1579 2093 1719 2123 tamen
1744 2079 1816 2130 est,

313 2136 425 2184 hunc
447 2136 642 2183 ultimum
667 2138 736 2182 loc.
752 2141 816 2183 cit.
835 2138 1028 2190 indicari,
1061 2139 1169 2184 circa
1187 2136 1391 2199 Angliam
1414 2138 1529 2185 enim
1549 2137 1703 2197 ubique
1725 2138 1814 2205 vul-

1469 2226 1471 2229 ·
1703 2211 1814 2255 gans
