1998 2701
566 201 726 258 ’Ξῆὀὲ
836 203 862 273 1(
893 205 965 255 9)
1065 200 1233 257 ’ΏΜΕ

155 309 323 361 habent,
353 318 400 349 ut
427 306 534 348 nulla
550 306 594 348 fit
611 307 758 362 gratior
791 306 934 347 amoris
955 305 1087 358 arrha,
1133 318 1256 361 quarn
1284 305 1309 346 si
1333 305 1421 360 quis
1441 306 1558 346 uxori
1578 305 1643 347 vel

153 364 312 404 aniafiae
339 362 442 404 albas
460 363 499 403 in
526 362 684 416 gulonis
722 361 824 416 pelle
850 362 996 402 areolas
1023 363 1200 415 geminas
1227 374 1303 414 pro
1338 362 1471 415 capitis
1497 373 1642 402 ornatu

152 418 293 472 donet3
325 418 507 473 quamvis
526 418 593 457 has
621 416 762 471 pelles,
793 430 924 470 quum
950 416 1130 457 Gulones
1151 418 1191 456 in
1210 415 1480 456 Kamtschatka
1507 417 1642 458 rariffi-

151 487 217 513 me
245 472 467 527 capiantur,
497 471 581 512 satis
609 486 699 513 caro
719 472 848 525 pretio
877 485 1010 511 emere
1037 470 1216 511 debeant.
1289 470 1412 528 Qod
1440 471 1569 512 minus
1601 473 1641 513 in

150 526 325 568 barbaris
346 527 447 567 hisce
475 526 715 567 mulierculis
748 526 984 580 reprehendi
1013 525 1161 566 debere
1179 525 1400 577 videbitur,
1442 526 1468 566 si
1497 528 1642 581 eogita-

151 584 253 622 veris
281 582 447 623 Galliam
473 581 551 622 hoc
583 581 665 636 ipio
701 580 851 622 saeculo
892 581 1129 622 subsimilem
1179 593 1365 622 ornatum
1410 580 1639 636 elegantiori

147 637 336 691 Europae
366 637 518 677 nostrae
544 636 651 677 sexui
679 635 844 687 dedisse,
877 636 1029 677 textiles
1059 650 1205 691 nempe
1224 638 1359 687 vittas,
1400 649 1499 677 auro
1527 637 1639 692 saepe

147 693 334 742 cariores,
370 705 392 732 a
417 694 564 732 vertice
587 691 802 732 retrorsum
831 691 1043 746 pendulas,
1088 692 1237 745 quibus
1270 691 1476 733 certissime
1509 692 1638 735 ansam

145 745 345 787 dederunt
362 746 495 786 cristae
516 746 778 800 supraciliares
797 748 837 786 in
862 746 978 786 ardea
1005 745 1199 797 Virginis
1218 745 1453 787 Numidicae
1479 749 1639 790 nomine

145 813 256 852 nota,
289 801 475 855 analogae
492 802 629 841 cirrhis
649 801 796 854 quibus
815 800 914 841 Alca
932 801 1062 840 nostra
1079 801 1269 854 superbit.

251 871 392 912 Alium
420 872 470 913 ab
496 870 595 911 Alsa
622 870 803 908 cirrlmta
839 871 946 922 apud
983 870 1268 912 Chersonenses
1298 872 1386 913 istos
1410 873 1637 919 desumtum

144 939 329 967 ornatum
356 927 664 964 STELLERVS
702 922 896 974 recenset,
933 937 1110 977 eumque
1140 924 1456 979 superstitiosum.
1532 932 1637 972 Sole-

144 983 240 1023 bant
263 980 367 1035 enim
395 992 536 1019 eorum
573 978 686 1033 Magi
716 978 840 1020 rostra
865 977 983 1031 hujus
1009 978 1168 1033 speciei,
1215 981 1349 1023 rostris
1384 986 1437 1024 A.
1465 985 1637 1028 arfflrae

143 1040 298 1090 (quam
318 1033 464 1088 lpatlza
484 1040 657 1082 vocant)
688 1034 888 1085 immixta,
925 1034 1011 1074 loro
1050 1036 1159 1075 tenui
1190 1034 1366 1090 trajeffla,
1402 1040 1638 1094 interpositis

144 1089 447 1132 versicoloribus
490 1086 685 1130 fasciculis
713 1088 888 1142 pilorum
920 1089 1074 1130 Phocae
1114 1091 1167 1141 inq
1200 1103 1387 1146 torquem
1435 1096 1635 1152 colligere,

144 1146 302 1187 amuleti
330 1144 418 1186 loco
446 1143 546 1186 collo
564 1143 878 1198 adpendendam.
933 1145 968 1185 Is
995 1159 1093 1186 vero
1118 1145 1236 1187 hodie
1261 1161 1368 1200 mos,
1400 1164 1493 1192 cum
1516 1153 1636 1206 pluri-

117 1214 120 1217 ’
143 1204 216 1241 mis
248 1199 325 1240 aliis
356 1198 695 1253 superstitionibus*
720 1199 870 1240 exoluit
880 1213 889 1245 3
917 1200 1027 1241 unde
1059 1214 1166 1242 nunc
1185 1202 1262 1243 sola
1282 1205 1488 1260 utriusque
1510 1208 1633 1250 Alcae

144 1270 219 1298 ova
255 1256 568 1309 conquiruntur,
607 1269 736 1310 quum
771 1254 945 1309 ipsarum
978 1258 1113 1297 avium
1148 1271 1282 1299 carnes
1318 1262 1535 1314 praedurae
1561 1265 1633 1307 fint

116 1345 119 1348 ,
142 1324 262 1367 atque
281 1310 475 1365 infipidae.
534 1311 578 1351 In
606 1311 724 1365 galeis
749 1312 958 1367 mittisque
974 1313 1090 1353 variis
1118 1315 1352 1368 nuperrime
1388 1318 1616 1372 Petropolin

144 1380 166 1407 e
184 1368 339 1407 noviter
353 1365 515 1407 detess'cis
533 1366 666 1407 Infulis
678 1366 882 1418 Aleuticis,
911 1366 1058 1419 adlatis,
1088 1369 1261 1410 maxillas
1287 1368 1493 1414 inferiores
1512 1354 1632 1429 hujus'

143 1422 245 1463 aleae
264 1421 400 1476 paisim
419 1434 494 1475 pro
514 1433 747 1462 ornamento
758 1422 823 1462 vel
840 1422 1218 1479 amuleto-appensas
1236 1426 1336 1470 vidi3
1370 1427 1631 1484 integraeque

141 1477 267 1570 {estes
287 1490 337 1516 ex
358 1490 495 1517 earum
516 1477 618 1532 pelle
653 1477 702 1517 ab
761 1476 944 1519 Insulanis
983 1478 1059 1520 istis
1096 1477 1300 1523 eonfestae
1342 1483 1455 1526 simul
1482 1484 1630 1529 adlatae

163 1543 319 1573 uerunt.
1062 1544 1063 1547 ’

600 1672 1168 1727 DESCRIPTIO

319 1791 446 1842 AL
485 1777 682 1844 CA'E
795 1792 966 1846 CIR
996 1795 1046 1846 J?
1077 1795 1219 1848 HA
1250 1797 1452 1852 TAE.

622 1906 715 1952 Tab.
733 1908 770 1952 I.
804 1916 842 1951 et
869 1908 925 1952 V.
945 1910 1021 1966 fig.
1046 1923 1160 1967 1-3.

141 1994 452 2082 Magwitudine
468 1997 689 2063 ‘paululum‘
714 1998 873 2062 superat
905 2001 959 2043 A.
976 2000 1186 2067 [nufi'z‘aetcirqa.⁶
1212 2002 1378 2067 Masculi
1413 2007 1453 2049 in
1477 2020 1625 2066 genere

256 2053 374 2109 paulo
403 2065 570 2105 majores
593 2052 767 2109 feminis,
798 2069 1030 2112 ceteroquin
1065 2058 1262 2103 simillimis
1281 2061 1415 2116 (Tab.
1438 2070 1512 2120 L),

880 2128 910 2169 Β
1441 2137 1622 2193 Rostrum
