1998 2701
770 236 929 292 &³:5³2
1043 236 1200 289 (30)
1313 234 1475 292 2205&

376 348 624 392 stoliditatem
644 343 734 384 avis
748 342 949 398 insigniter
958 341 1115 396 probat,
1145 342 1195 383 ita
1212 341 1276 383 hic
1294 340 1477 384 eDz'm-io
1496 344 1638 397 optimi
1656 343 1864 388 8⁷14:me

373 402 597 447 adcuratius
629 397 772 455 referri
804 409 994 449 meretur,
1043 400 1227 453 quamvis
1255 399 1309 448 in,
1326 398 1395 440 KR
1407 414 1435 440 A
1445 412 1462 440 s
1474 412 1498 440 c
1510 412 1543 439 H
1552 413 1577 440 E
1586 413 1618 440 N
1629 415 1642 441 1
1652 414 1688 442 N-
1697 416 1710 442 1
1724 416 1781 444 Ko
1792 416 1815 444 F
1824 417 1838 444 1
1850 417 1864 445 1

371 456 626 514 &scriptione
652 454 962 512 Kamtschatcae,
992 453 1046 496 ibi
1079 466 1209 497 tamen
1227 454 1499 510 imperfectius
1515 466 1554 497 et
1578 456 1764 511 obscure,
1794 472 1864 500 ex-

372 516 523 573 positus
555 513 609 555 sit.

482 598 724 641 Notandum
742 601 874 655 primo
886 631 897 651 ,
928 596 1106 654 capiendi
1126 598 1502 653 tempus‘optimum
1520 596 1595 639 eHe
1624 601 1726 640 inter
1744 599 1864 654 Apri-

369 658 414 698 lis
431 656 553 697 finem
571 668 609 695 et
627 656 800 696 lunium.
858 653 929 696 Ad
947 655 1126 709 primum
1154 655 1259 695 enim
1288 653 1506 695 adventum
1540 654 1657 695 valde
1683 656 1863 696 macilen-

369 727 429 755 tae
457 710 836 766 deprehenduntur3
868 711 1066 764 Iunioque
1086 723 1181 752 cum
1215 709 1438 765 deplumari
1466 722 1505 749 et
1532 722 1738 764 aegrotare
1772 712 1862 751 inci-

367 771 484 825 piunt
502 765 705 808 conectam
724 766 1013 822 pinguedinem
1029 766 1163 807 denuo
1180 764 1407 807 demittunt.
1460 765 1745 807 Consociantur
1766 766 1862 819 duo,

368 838 447 866 tres
467 823 531 864 vel
547 835 723 877 quatuor
744 836 820 878 pro
839 835 1002 877 captura
1029 823 1126 875 viri;
1155 834 1194 862 et
1212 821 1331 863 sicubi
1348 835 1519 877 gregem
1543 820 1745 863 Anserum
1770 823 1861 876 pro-

366 895 418 935 pe
435 879 586 920 flumen
605 877 815 920 conlediffe
833 878 1063 931 observant,
1108 877 1216 918 haud
1245 877 1386 932 procul
1414 878 1463 918 ab
1488 890 1535 917 eo
1559 877 1670 929 loco,
1715 878 1756 918 in
1780 877 1860 932 ipsa

366 936 538 976 fluminis
562 936 647 990 ripa
666 934 728 975 vel
746 946 829 975 rete
849 948 1042 988 magnum
1067 935 1107 974 in
1135 931 1307 974 formam
1329 934 1486 987 parietis
1511 932 1749 987 expansum,
1795 933 1859 974 vel

367 992 577 1045 tugurium
596 1004 617 1031 e
637 989 808 1032 consutis
829 990 995 1046 pellibus
1005 988 1158 1031 fastum
1169 989 1422 1031 constituunt.
1478 989 1574 1029 Hoc
1590 986 1696 1029 fafi'to
1715 1001 1859 1031 eorum

364 1059 490 1094 unus,
522 1058 606 1087 toto
626 1059 797 1100 corpore
824 1045 919 1086 albis
936 1045 1223 1086 Tarandorum
1251 1044 1421 1099 pellibus
1457 1043 1637 1091 vestitus,
1676 1040 1782 1085 reeca
1807 1043 1858 1084 ad

364 1115 534 1158 gregem
552 1102 652 1151 abit3
684 1101 828 1151 reliqui
850 1113 870 1137 a
890 1114 1005 1151 tergo
1035 1101 1392 1141 circumvenientes
1423 1098 1536 1139 sibilis
1561 1112 1730 1153 gregem
1763 1112 1859 1154 pau-

362 1159 469 1198 latim
488 1155 622 1197 versus
642 1154 791 1195 infidias
817 1152 1084 1207 compellunt,
1114 1149 1306 1205 quorsum
1325 1164 1585 1204 praeeuntem
1622 1155 1738 1195 istum
1765 1154 1856 1196 albo

367 1213 558 1253 indutum
577 1211 656 1251 line
673 1211 783 1250 omni
805 1209 1031 1250 turbatione
1052 1219 1121 1248 aut
1139 1218 1253 1245 metu
1270 1205 1502 1258 sequuntur,
1535 1207 1635 1248 dum
1662 1223 1756 1251 eum
1775 1208 1855 1251 for-

363 1282 402 1309 te
420 1280 495 1323 pro
522 1264 673 1306 Ansere
702 1262 871 1304 ductore
902 1260 1049 1302 habent
1080 1258 1249 1300 stolidae.
1316 1258 1488 1317 Qando
1513 1259 1563 1300 ad
1580 1273 1666 1302 rete
1685 1277 1854 1307 ventum

362 1324 438 1374 est,
468 1320 565 1362 illud
583 1320 733 1373 laqueis
762 1317 949 1372 dispositis
988 1314 1234 1357 contrahitur
1266 1325 1305 1354 et
1329 1326 1458 1355 totum
1483 1314 1594 1372 saepe
1620 1331 1765 1373 agmen
1794 1322 1854 1362 in-

362 1378 553 1420 volvitur,
611 1376 678 1415 Sin
698 1375 785 1414 loco
803 1375 948 1413 retium
975 1371 1185 1426 tugurium
1205 1368 1456 1421 adhibeatur,
1496 1372 1528 1412 is
1556 1374 1626 1426 qui
1654 1376 1853 1428 praecedit

361 1447 435 1490 per
453 1444 629 1487 apertam
649 1430 871 1471 citeriorem
887 1427 1047 1480 januam
1067 1425 1189 1477 subit,
1225 1423 1274 1465 ad
1303 1425 1524 1480 oppofltam
1550 1440 1683 1469 autem
1714 1430 1850 1474 itidem

361 1502 538 1543 apertam
569 1486 757 1536 consistit,
796 1484 926 1525 donec
950 1483 1160 1538 tugurium
1187 1478 1371 1522 confecto
1407 1483 1566 1536 agmine
1597 1483 1850 1538 oppleverint

360 1545 513 1588 anseres
532 1555 570 1583 et
590 1553 837 1583 accurrentes
865 1539 1006 1595 reliqui
1033 1537 1190 1592 januam
1223 1535 1405 1578 claudere
1431 1539 1594 1592 poffint,
1631 1553 1715 1594 quo
1743 1539 1848 1585 fasto

360 1600 527 1644 inclusae
541 1612 633 1640 aves
654 1595 824 1638 fustibus
841 1609 880 1637 et
896 1608 1017 1637 manu
1034 1593 1145 1636 facile
1171 1593 1448 1635 conficiuntur.
1515 1594 1696 1637 Maxime
1725 1596 1848 1640 admi-

359 1655 532 1699 randum
552 1655 628 1695 hoc
648 1654 722 1705 est,
749 1652 860 1707 quod
889 1651 988 1693 adeo
1017 1665 1099 1692 non
1135 1649 1406 1705 pertimescant
1435 1648 1639 1691 hominem
1676 1652 1867 1696 Anseresr

358 1713 514 1763 nostri„
538 1724 584 1752 ut
612 1722 842 1750 venatorem
871 1707 920 1749 ad
945 1707 1080 1764 lapidis
1106 1705 1254 1759 jaff-[um
1281 1705 1469 1748 accedere
1494 1704 1606 1747 facile
1629 1709 1845 1766 patiantur5

360 1770 459 1824 quin
477 1768 504 1809 fi
524 1766 606 1821 ipso
627 1765 692 1806 illo
715 1778 918 1819 tempore,
947 1778 1029 1819 quo
1048 1776 1148 1818 grex
1168 1776 1309 1803 eorum
1329 1762 1614 1803 avenatoribus
1631 1764 1847 1808 circumve-

360 1828 478 1876 nitur,
506 1823 576 1863 alia
595 1820 698 1862 forte
718 1821 859 1862 cohors
883 1820 1109 1872 transvolet,
1138 1817 1232 1860 haec
1244 1818 1320 1859 sine
1343 1818 1456 1859 mein
1485 1829 1629 1859 terram
1649 1818 1685 1869 se
1704 1820 1844 1864 demit-

359 1882 404 1921 tit
432 1893 551 1934 atque
581 1878 701 1933 priori
719 1875 907 1930 adjungit.

473 1963 556 2019 Qii
572 1961 673 2003 hanc
691 1960 894 2002 Anserum
912 1959 1137 2002 nostrorum
1149 1993 1159 2011 ‚
1189 1959 1420 2016 pluriumve
1439 1961 1709 2016 aquaticarum
1730 1962 1843 2017 stupi-

359 2021 520 2062 ditatem
542 2017 631 2058 inde
653 2017 851 2058 deducere
867 2030 1009 2069 amant,
1041 2016 1153 2072 quod
1171 2016 1242 2057 hae
1258 2031 1349 2057 aves
1366 2018 1405 2058 in
1427 2016 1721 2058 desertisinsulis
1735 2019 1843 2058 vive-

359 2091 403 2119 re
427 2074 604 2116 adsuetae
621 2074 778 2115 nullum
794 2071 1016 2128 periculum
1041 2074 1090 2114 ab
1108 2073 1268 2114 homine
1290 2086 1488 2127 metuant3
1518 2074 1542 2113 ii
1567 2086 1649 2113 non
1674 2071 1843 2115 satisfaci-

359 2145 442 2174 unt.
500 2130 612 2188 Quid
630 2131 734 2173 enim
753 2129 876 2185 vulgo
892 2130 1025 2171 notius
1054 2130 1125 2182 est,
1153 2143 1276 2184 quam
1308 2129 1418 2184 quod
1443 2142 1556 2181 aves,
1598 2128 1764 2209 naturalsi¹
1783 2129 1842 2208 iila

1742 2199 1843 2225 ri'OJI-
