1998 2701
533 238 695 296 ’ἑῆκᾲῖ
810 237 998 296 (7)
1114 233 1274 293 ’ἓέησὲἒῖ

150 349 336 396 mediam
357 358 521 408 partem
539 360 745 405 occupare
765 344 872 389 mihi
888 344 995 389 visus
1012 343 1080 387 est.
1140 342 1238 386 Nec
1252 341 1340 386 vidi
1356 339 1487 399 pedes
1503 354 1649 384 coeru-

149 410 261 459 leos;
290 423 369 452 nec
388 407 628 450 calcaneum
654 404 905 452 rotundum,
935 416 982 446 ut
997 399 1268 450 Struthionis,
1299 398 1449 460 quibus
1476 400 1648 442 MARC-

148 481 319 511 GRAFH
353 464 493 509 verbis
512 475 731 522 permotus
768 462 1020 505 KLEINIUS
1060 459 1239 502 otidum
1263 459 1411 518 generi
1438 458 1648 514 Psophiam

145 525 329 568 nostram
345 521 581 566 adsociavit.
640 520 758 563 Hinc
774 519 844 564 vel
864 518 1069 563 diversam
1104 515 1267 577 prorsus
1302 532 1326 559 a
1350 515 1486 558 nostra
1520 529 1646 558 avem

146 598 225 642 pro
246 580 425 639 Psophia
444 576 687 645 descripsisse
713 579 1111 625 MARCGRAF1U8‚
1149 574 1401 633 velsupinae
1425 573 1644 632 negligen-

146 641 229 686 tiae
245 654 339 685 reus
361 638 571 698 putandus
586 649 675 681 erit.

534 760 730 814 DES
768 758 1241 812 CRIPTIO

370 853 729 920 GRUIS
817 848 1410 918 PSOPHIAE.

798 973 992 1025 Tab.I.
1425 979 1432 985 '

135 1095 433 1186 Magnitudo
457 1092 617 1135 circiter
633 1090 839 1134 Numenii
859 1091 1095 1150 Arquatae;
1123 1089 1193 1133 sed
1210 1102 1361 1147 corpus
1390 1086 1515 1145 paulo
1535 1099 1638 1128 cras-

262 1151 339 1194 sius
357 1164 481 1209 atque
499 1150 679 1193 brevius.
742 1151 1026 1204 Propertiones
1044 1146 1334 1191 membrorum
1348 1160 1498 1188 omnes
1510 1144 1639 1203 longe

135 1208 353 1254 breviores
372 1211 500 1252 etiam
515 1207 626 1257 sunt,
657 1221 785 1266 quam
804 1207 847 1252 in
866 1206 1052 1251 Gruibus
1072 1207 1261 1266 reliquis;
1300 1203 1545 1263 ceteroquin
1570 1204 1637 1245 ha-

133 1270 243 1311 bitus
268 1266 503 1310 consimilis.

249 1326 435 1380 Rostrum
458 1323 627 1368 brevius
652 1324 827 1381 gruino‚
868 1322 914 1365 ἁ*
936 1324 1076 1381 potius
1094 1322 1239 1366 Otidis
1264 1319 1394 1364 rostro
1419 1333 1633 1377 compara-

130 1382 235 1433 bile,
266 1383 542 1431 conoideum,
559 1379 910 1440 subcompressum
924 1413 934 1429 ‚
960 1382 1229 1424 extremitate
1247 1377 1630 1423 convexiusculum.

163 1501 172 1508 .
244 1442 386 1484 Nares
410 1439 494 1485 bafi
514 1440 758 1499 propiores,
806 1438 1232 1498 oblongo-lineareS,
1268 1434 1500 1496 depressae,
1540 1449 1631 1493 per-

128 1511 237 1546 viae.

241 1556 405 1612 Lingua
420 1556 707 1613 cartilaginea,
740 1555 883 1613 plana,
916 1555 1033 1612 apice
1059 1551 1454 1597 fimbriato-lacera.

243 1616 366 1656 Pedes
385 1612 559 1665 robusti,
593 1615 777 1672 proceri,
808 1613 861 1655 ad
876 1613 1014 1654 media
1036 1612 1198 1655 femora
1213 1610 1339 1670 usque
1356 1611 1476 1658 nudi,
1507 1619 1627 1652 tetra—

124 1668 298 1730 dactyli.
372 1673 545 1727 Digitus
580 1671 758 1729 posticus
783 1669 970 1718 brevior,
1007 1683 1154 1713 atei-ra
1182 1668 1462 1714 subremotus;
1500 1668 1627 1723 plicae

123 1732 285 1774 anticos
310 1725 614 1772 connee'centes
643 1727 811 1777 crassae,
853 1729 1059 1770 interioris
1087 1726 1284 1771 obsoleta.
1353 1726 1519 1782 Ungues
1536 1723 1625 1767 bre·

124 1803 202 1833 ves
218 1786 363 1831 obtufi.
430 1788 563 1829 Tuber
580 1784 650 1829 sub
670 1785 828 1844 postico
845 1786 980 1844 digito
993 1818 1003 1835 ,
1021 1784 1088 1829 seu
1105 1786 1212 1828 talus
1229 1796 1381 1831 tumet;
1409 1783 1521 1825 unde
1539 1781 1621 1824 for-

125 1858 169 1890 te
189 1845 358 1889 obscura
385 1844 719 1887 MARCGRAFH
750 1844 903 1893 verba,
942 1859 991 1887 ea
1019 1859 1115 1887 cum
1145 1841 1402 1886 struthionis
1427 1842 1623 1884 calcaneo

125 1915 416 1962 comparantis.

240 1962 344 2003 Alae
363 1959 618 2019 composltae
635 1959 902 2018 urrhopygio
921 1960 1046 2017 paulo
1062 1960 1289 2019 longiores,
1350 1958 1536 2014 Remiges
1554 1971 1621 2005 20,

123 2020 252 2069 latae,
278 2020 444 2078 nigrae,
484 2031 648 2076 praeter
657 2019 737 2075 fix
766 2020 953 2069 intimas,
1000 2033 1096 2061 cum
1126 2014 1366 2062 teftricibus
1388 2015 1466 2059 suis
1496 2030 1620 2059 cano-

122 2093 320 2122 cmereas.

241 2137 380 2180 Carula
403 2133 659 2185 breviffima,
688 2146 794 2185 atra,
821 2131 1011 2178 constans
1037 2134 1271 2178 reffricibus
1295 2134 1483 2193 exiguis,
1514 2131 1616 2175 duo-

122 2194 253 2239 denis.

1447 2273 1614 2316 Palmae
