1998 2701
329 659 1331 765 CYCLOPTERVS

530 790 1129 868 GELA‘TINOSVS.

88 967 397 1115 Quartam,
427 1036 549 1079 quam
569 1027 632 1069 hic
661 1027 766 1079 sisto,
813 1025 1044 1080 Cyclopteri
1070 1035 1217 1065 novam
1246 1019 1416 1074 speciem
1446 1019 1581 1062 itidem

253 1079 461 1122 STELLERI
480 1081 684 1124 laboribus
712 1082 906 1124 debemus
918 1115 928 1133 ‚
961 1095 983 1122 e
1001 1079 1114 1133 cujus
1126 1079 1256 1133 primo
1269 1074 1495 1116 adversariis
1516 1075 1582 1116 de-

87 1133 352 1189 scriptionem,
378 1149 458 1176 non
478 1137 556 1178 fine
578 1138 725 1183 taedio,
755 1137 1029 1180 consarcinavi‚
1058 1143 1180 1183 quam
1200 1138 1361 1181 reperto
1382 1127 1524 1170 deinde
1542 1131 1581 1171 in

88 1189 143 1231 M
145 1189 230 1242 usto
248 1189 548 1239 Petropolitmzo
567 1188 677 1240 piscis
696 1186 882 1241 exemplo
901 1185 1090 1226 deficcato
1107 1182 1292 1247 supplere
1312 1194 1350 1223 et
1369 1184 1582 1226 emendare

89 1244 229 1284 studui.
286 1242 380 1282 lcon
397 1240 506 1295 piscis
526 1255 575 1280 ex
595 1242 815 1295 archetypo
837 1240 1066 1282 Stelleriano
1095 1239 1144 1279 ad
1168 1250 1348 1278 naturam
1383 1238 1488 1281 facto
1517 1240 1582 1281 de-

89 1297 228 1353 scripta
248 1294 350 1350 fuit3
374 1295 578 1337 vertebras
597 1309 696 1337 vero
717 1310 768 1337 ex
786 1296 875 1351 ipsis
892 1296 1015 1338 ficcari
1034 1294 1146 1350 piscis
1173 1292 1346 1348 reliquiis
1377 1295 1579 1338 delineavi.

196 1393 416 1446 Substantia
436 1391 556 1445 hujus
576 1392 705 1447 piscis,
737 1392 807 1447 qui
824 1391 873 1433 ad
895 1391 1124 1433 orientalem
1152 1391 1441 1434 Kamtschatcae
1468 1406 1581 1436 oram

89 1449 254 1494 subinde
284 1450 458 1504 capitur,
486 1461 624 1490 recens
651 1448 868 1489 molliffima
893 1459 1056 1502 totaque
1086 1446 1296 1501 gelatinosa
1323 1461 1362 1489 et
1395 1449 1584 1491 Medusa-

91 1520 184 1548 rum
212 1503 340 1546 ferme
367 1503 493 1544 fimilis
511 1504 583 1553 est,
613 1504 721 1545 unde
740 1505 855 1544 etiam
875 1503 1036 1558 peffime
1053 1502 1128 1543 sele
1147 1503 1287 1544 habuit
1304 1504 1499 1559 specimen
1518 1506 1582 1547 sic-

93 1575 190 1604 cum
217 1561 474 1602 aSTELm—:Ro
496 1558 831 1601 adiAcademiam
856 1557 1025 1599 missum.
1082 1558 1192 1600 Hinc
1220 1572 1258 1600 et
1285 1561 1389 1601 escae
1416 1562 1581 1604 minime

93 1617 259 1659 idoneus
280 1614 570 1668 nauseosusque
588 1614 757 1656 habetur
775 1628 795 1655 a
813 1614 1028 1669 gentilibus
1046 1612 1129 1665 ejus
1149 1628 1262 1663 orae,
1291 1616 1372 1656 imo
1393 1617 1581 1659 virulenti

93 1671 284 1728 quiddam
305 1670 406 1711 alere
421 1668 591 1722 videtur,
620 1670 772 1725 quum,
799 1670 1016 1711 STELLERO
1036 1667 1286 1722 observante,
1315 1683 1427 1712 canes
1447 1672 1580 1714 Kamt-

95 1726 245 1770 schatici
258 1761 268 1779 ,
298 1725 513 1781 turpissima
529 1740 714 1780 quaeque
733 1737 772 1766 et
801 1724 1010 1780 putredine
1029 1725 1145 1765 etiam
1164 1725 1354 1767 resolutos
1376 1726 1494 1781 pisces
1504 1732 1580 1769 avi-

95 1784 145 1826 de
161 1795 365 1833 vorantes,
394 1781 495 1822 hane
511 1794 679 1824 inertem
696 1779 818 1825 offam
829 1814 840 1835 ,
862 1782 1043 1836 quamvis
1059 1778 1165 1824 farne
1181 1794 1374 1838 urgente,
1396 1784 1580 1827 ‘constan-

97 1852 155 1882 ter
179 1838 341 1881 averfati
357 1835 517 1879 fuerint.

203 1938 257 1978 Et
273 1938 412 1994 utique
429 1938 587 1990 eadem,
617 1950 738 1992 quam
757 1938 797 1978 in
817 1935 1035 1979 colorandis
1061 1938 1301 1993 Fungorum
1333 1938 1576 1982 terrestrium

96 1995 223 2035 noxiis
245 1993 447 2048 speciebus
465 1994 662 2045 adhibuit,
694 2006 787 2035 cura
802 1993 894 2036 huic
911 1992 1000 2048 pisci
1029 1994 1274 2035 virulentum
1297 1993 1495 2047 quendam
1512 1994 1576 2036 ad-

96 2049 274 2104 spectum
292 2049 466 2092 indidisse
492 2050 651 2092 videtur
677 2050 846 2091 Natura.
910 2050 1011 2090 Non
1036 2048 1163 2092 solum
1188 2050 1293 2090 enim
1318 2049 1446 2103 molli,
1485 2065 1576 2093 mu·

100 2105 185 2148 cosa
202 2117 241 2148 et
255 2106 462 2149 muccidae
484 2106 673 2162 gelatinae
689 2105 797 2150 simili
820 2104 1036 2160 substantia,
1064 2106 1129 2149 sed
1148 2118 1199 2162 et,
1227 2104 1354 2149 nescio
1372 2119 1476 2170 qua&
1493 2107 1578 2161 pul-

804 2161 839 2204 C
870 2175 892 2204 2
1422 2162 1576 2206 cru-osci
