1998 2701
666 218 826 278 ’ἐπ’-ἲ
944 221 1151 274 (12)
1268 218 1430 278 Rae-³⁸

418 333 546 387 Caput
560 327 836 372 monstrosum
847 360 858 378 ‚
894 327 1186 388 magnitudine
1205 328 1359 388 pariter
1372 343 1419 372 ac
1435 326 1568 388 figura
1584 328 1801 390 singulare.

301 391 486 445 Rostrum
504 389 612 430 inter
628 387 777 430 dentes
794 384 984 430 exsertos
994 387 1137 437 latum,
1165 385 1414 446 depressum,
1444 386 1696 433 subcorneae
1713 389 1803 434 fere

299 448 483 495 duritiei;
513 444 833 503 mqfusmobili5‚
863 443 1140 495 subinflexus,
1172 444 1343 506 oblique
1360 458 1592 497 truncatus,
1621 446 1800 491 submar-

298 508 483 565 ginatus‚
501 502 732 564 superficie,
763 506 806 547 in
822 519 904 564 qua
921 520 1042 547 mres
1059 503 1293 563 oblongae,
1323 518 1477 548 terram
1508 505 1731 566 respiciens
1755 506 1801 550 dc

295 564 388 623 pilis
407 561 673 623 paucissimis,
704 564 879 612 teneris,
910 561 1036 612 albis,
1070 562 1237 621 sparsus.

416 647 469 688 Os
488 644 560 689 sub
578 645 709 689 rostro
728 644 952 705 singulare,
984 643 1093 689 riflzu
1112 646 1190 688 vix
1206 645 1312 689 ultra
1332 645 1481 690 dentes
1496 644 1686 691 exsertos
1704 662 1800 707 pro-

295 701 440 753 ἀυᾶο,
500 705 672 747 Laln'mn
692 703 897 764 superius,
925 719 1007 765 qua
1031 703 1227 747 dentibus
1260 704 1576 758 circumJeClmm
1610 706 1686 758 est,
1726 707 1801 748 du-

293 778 406 811 rum,
434 761 752 812 craffiusculum,
781 763 959 823 setisque
984 761 1250 822 pauciffimis,
1288 764 1426 822 longis
1450 762 1648 822 sparsum,
1686 779 1801 822 pone

295 821 445 865 dentes
463 823 550 864 lobo
568 820 795 871 semiovali,
826 822 1024 880 pendulo,
1043 821 1314 879 cartilagineo
1333 822 1510 880 angulos
1521 824 1604 866 oris
1622 822 1800 881 obtegit.

413 905 565 948 Dentes
576 907 779 961 primores
796 904 915 952 nulli3
936 916 976 947 at
994 904 1195 963 gingivae
1215 904 1375 947 anticae
1396 904 1543 954 durae,
1561 920 1800 954 convexae,

295 964 451 1007 laeves.
511 963 703 1005 Laniarii
723 964 762 1005 in
770 963 984 1020 superiore
1000 963 1173 1005 maxilla
1191 962 1344 1020 pollice
1367 978 1515 1005 manus
1541 965 1673 1007 virilis
1693 979 1799 1006 cras-

295 1020 444 1070 fiores,
486 1018 835 1070 tereti-subulati,
874 1021 1022 1079 patuli,
1064 1019 1293 1063 antrorsum
1319 1020 1640 1080 extrorsumque
1664 1037 1798 1064 recur-

295 1081 405 1129 vati,
438 1078 483 1122 &
502 1078 619 1123 sulcis
636 1078 766 1128 binis,
796 1080 921 1137 paulo
938 1079 1119 1122 anterius
1138 1077 1347 1136 insculptis
1370 1079 1726 1138 longitudinaliter
1737 1094 1798 1122 ca-

294 1137 513 1183 naliculati.
575 1139 793 1193 Inferiores
811 1139 997 1180 minores
1022 1135 1334 1195 redkioresque,
1369 1138 1596 1196 triquetro·
1611 1137 1797 1187 subulati,

295 1194 442 1241 erecto
461 1208 586 1256 atque
611 1197 846 1254 patentiore
864 1195 949 1238 litu.
1011 1196 1073 1238 Hi
1097 1194 1372 1254 superioribus
1391 1197 1653 1246 adteruntur,
1685 1196 1799 1239 unde

295 1254 527 1314 superiores
550 1256 687 1297 antice
711 1255 763 1297 ad
781 1253 893 1297 basin
912 1253 1121 1297 exhibent
1138 1268 1277 1296 aream
1302 1254 1452 1296 adtritu
1468 1254 1636 1313 planam
1655 1254 1699 1298 ὄι
1717 1255 1798 1298 lae-

296 1315 496 1374 vigatam.
554 1313 738 1355 Molares
757 1311 827 1356 sub
845 1327 1030 1356 examen
1057 1328 1144 1354 non
1166 1325 1386 1361 venerunt,

416 1387 530 1431 Oculi
546 1388 586 1430 in
608 1385 770 1431 summo
789 1388 924 1446 capite
940 1387 1119 1446 parvuli,
1153 1388 1371 1445 propiores
1402 1388 1510 1430 inter
1543 1386 1583 1431 se
1613 1385 1797 1431 auribus-

296 1461 379 1508 que
398 1461 524 1506 quam
542 1447 583 1488 in
601 1448 713 1502 Apro
732 1447 917 1500 nostrate.
988 1446 1091 1488 cilia
1116 1447 1157 1487 in
1183 1444 1386 1502 superiore
1404 1445 1602 1504 palpebra
1621 1458 1797 1494 tantum,

296 1520 431 1565 eaque
449 1503 718 1553 creberrima
749 1504 819 1547 sed
836 1501 1065 1547 {introrsum
1084 1501 1293 1546 deficiunt.
1355 1503 1484 1546 Irm'es
1505 1503 1666 1548 obscuri
1683 1504 1796 1547 colo-

296 1564 364 1607 ris.
425 1564 563 1605 Salem·
581 1563 805 1619 lacrymulis·
823 1576 918 1606 ante
935 1561 1081 1604 oculos
1102 1561 1189 1604 fere
1207 1561 1530 1619 longitudinalis.

414 1620 637 1663 Auria-ulae
655 1621 918 1674 majusculae,
950 1619 1186 1671 subacutae,
1218 1621 1327 1662 intus
1345 1620 1438 1677 pilis
1459 1619 1628 1670 albidis,
1657 1617 1709 1663 ab
1736 1620 1796 1662 in-

298 1691 419 1724 terno
441 1679 631 1737 margine
649 1678 841 1721 deorsum
859 1677 1048 1727 directis,
1080 1679 1248 1737 largiter
1264 1679 1462 1720 munitae.

415 1736 504 1780 Sub
523 1737 653 1778 oculis
675 1739 778 1779 cutis
812 1738 909 1779 laxa
932 1738 1051 1795 nigra
1076 1735 1270 1779 efformat
1294 1736 1409 1778 velut
1421 1737 1586 1791 stzccmn
1608 1735 1796 1785 mollem,

298 1793 507 1854 profunde
525 1804 565 1836 at
596 1809 649 1836 ue
671 1795 899 1852 interrupte
918 1793 1135 1852 rugosum,
1168 1794 1260 1837 setis
1279 1794 1437 1850 aliquot
1452 1793 1589 1850 longis
1606 1791 1796 1849 sparsum,

298 1852 441 1912 quales
459 1851 504 1894 de
525 1865 577 1908 pa
593 1850 746 1909 pebrae
766 1851 982 1909 superioris
1000 1853 1096 1894 laxa
1113 1853 1265 1910 pariter
1288 1852 1391 1893 cutis
1412 1848 1554 1908 paffim
1581 1850 1753 1908 profert.

414 1907 504 1953 Sub
521 1910 596 1952 isto
620 1908 735 1951 sacco
753 1912 946 1968 utrinque
973 1911 1188 1968 appendix
1217 1909 1241 1951 s.
1268 1911 1379 1950 loln-:s
1409 1913 1688 1964 zygomatl'cns
1711 1924 1795 1952 ma-

301 1983 431 2033 gnus,
463 1968 610 2015 durus,
646 1966 874 2024 depressus,
913 1969 1180 2016 rotundarus,
1220 1966 1307 2009 fere
1340 1965 1623 2008 horizontalis.
1697 1967 1796 2010 Hos

297 2025 470 2071 subinde
492 2025 639 2068 leviter
656 2025 856 2068 adtollere
875 2023 959 2068 five
977 2025 1115 2067 versus
1135 2025 1280 2067 ocul-os
1306 2023 1524 2067 adtrahere
1554 2023 1797 2067 observatur

296 2083 460 2129 animal.
522 2083 560 2127 V
563 2082 841 2126 erosimillime
864 2084 964 2125 dura
980 2084 1101 2141 adipe
1118 2084 1323 2130 constaut3
1354 2083 1396 2124 in
1418 2094 1662 2141 praeparato
1680 2084 1795 2125 enim

298 2143 443 2202 capitis
460 2141 576 2185 corio
595 2141 682 2184 fere
698 2140 860 2200 prorsus
884 2140 1123 2200 absumptos
1145 2141 1191 2185 ὀὶ
1216 2142 1269 2184 acl
1293 2156 1448 2199 parvae
1475 2155 1673 2184 verrucae
1704 2156 1795 2184 mo-

298 2202 383 2246 lem
398 2197 593 2246 redactos
608 2200 762 2246 inveni.
1679 2257 1700 2300 I

1701 2268 1793 2300 nter
