1998 2701
466 234 626 292 Ἐέηᾱέ
742 234 951 292 (23)
1072 233 1232 291 ”hei-9²

102 361 127 390 e
152 342 348 389 cornibus
366 342 418 386 A.
440 343 622 400 Pygargi
637 342 798 401 politis,
829 352 1008 401 argento
1027 337 1274 395 conjunctis.
1294 340 1339 385 ἀ
1353 339 1439 386 basi
1457 355 1603 399 argen-

102 417 171 448 tea
185 403 340 446 lamina
356 401 571 460 eleganter
588 398 785 445 obductis
805 399 890 458 ipse
913 398 1014 443 vidi.

216 476 372 520 Narrat
397 490 524 534 porro
556 475 744 518 THEVE
757 490 895 518 NOTu
906 490 925 517 s
959 474 1012 517 ad
1045 474 1268 532 capiendas
1295 474 1491 518 Gazellas
1513 472 1602 516 suas

99 536 257 579 indicas
273 536 496 578 cicuratum
507 547 669 576 marem
688 534 730 576 in
747 548 891 590 earum
900 547 1054 591 greges
1067 534 1201 575 emitti
1249 533 1289 574 ui
1300 533 1496 575 maritum
1507 546 1601 590 gre-

97 596 163 653 gis
183 609 278 636 cum
290 592 454 635 advena
468 603 743 650 pugnantem,
773 592 936 650 laqueis
949 605 1055 649 quos
1070 592 1114 633 in
1127 548 1323 634 comqbus
1341 591 1450 649 gerit
1469 591 1601 648 impe-

97 653 186 695 dire
203 651 248 693 dc
269 646 486 693 innectere
506 648 627 699 solet,
654 662 700 692 ut
719 649 849 692 facilis
870 647 942 692 fiat
964 650 1158 692 venatori
1188 661 1370 707 captura,
1429 648 1501 691 Sic
1531 662 1599 689 au-

99 722 188 752 tem
203 719 528 809 maregztantum
552 707 839 766 decipiuntur,
866 706 911 750 ἀ
936 704 1141 751 difficilius
1164 705 1342 750 feminas
1360 706 1490 759 *vivas
1508 706 1598 764 capi

95 766 247 811 fatetur
265 782 315 809 au
364 782 422 808 or.

209 840 316 883 Non
339 838 483 881 Indiae
504 837 717 896 propriam
733 833 813 880 esse
832 837 1134 892 Cervicapram,
1166 835 1236 879 secl
1259 837 1302 878 in
1328 836 1474 879 Africa
1496 852 1598 895 quo-

96 913 177 956 que
195 897 385 955 reperiri,
419 907 580 938 certum
597 895 672 942 est3
701 895 814 938 unde
833 909 937 938 vero
952 892 999 937 fit
1015 893 1146 937 simile
1166 895 1347 937 eandem
1365 892 1459 943 esse,
1474 909 1598 952 quam

95 957 203 998 inter
217 955 494 999 Mauritaniae
513 954 705 996 animalia
727 951 913 996 recenset
944 951 1104 996 SHAW
1140 952 1185 995 ὄε
1216 953 1377 994 Lidmee
1406 950 1513 1000 slve,
1557 964 1602 995 ut

96 1013 259 1072 anglice
283 1013 598 1070 pronunciatur,
637 1012 773 1054 Lidmi
796 1009 848 1054 ab
873 1008 1086 1053 Arabibus
1109 1011 1252 1053 vocari
1280 1010 1400 1060 dicit,
1438 1008 1599 1052 habuit-

97 1086 180 1130 que
198 1086 275 1130 pro
308 1071 585 1125 Strepficerote
618 1069 664 1112 ἀν
694 1071 857 1112 Addam
882 1070 1150 1127 antiquorum
1183 1081 1356 1126 propter
1388 1066 1599 1111 tortuosos

96 1144 299 1172 cornuum
331 1127 451 1186 saepe
482 1126 740 1185 bipedalium
764 1124 923 1174 flexum
968 1127 1259 1184 magnitudine
1282 1126 1327 1169 ὄε
1350 1125 1494 1169 colore
1513 1126 1601 1171 Ca-²

93 1187 229 1245 preoli
245 1185 324 1229 esse
340 1201 419 1229 nec
438 1200 572 1245 aeque
597 1201 644 1229 ac
671 1186 899 1228 Dora-adem
926 1183 971 1229 ὀὶ
993 1185 1169 1228 Bubalin
1197 1185 1435 1244 gregariam
1458 1199 1597 1228 occur-

94 1259 190 1289 rere
208 1244 380 1287 addens.

208 1319 267 1362 Et
288 1318 393 1361 haec
418 1317 506 1361 fere
529 1316 619 1361 sunt
636 1334 743 1379 quae
769 1317 822 1361 de
846 1318 1089 1373 Cervicapm
1110 1316 1247 1361 nostra
1273 1317 1384 1376 apud
1401 1314 1597 1361 authores

124 1376 259 1419 rodita
275 1378 462 1420 invenio.
523 1378 843 1420 Accuratiorem
861 1391 966 1419 vero
990 1376 1035 1419 (Xe,
1051 1377 1287 1435 pleniorem
1303 1375 1423 1429 hujus
1443 1377 1597 1418 anima-

93 1392 142 1477 sis
162 1434 484 1494 descriptionem
504 1436 656 1493 pariter
676 1435 720 1478 dc
742 1433 955 1477 historiam
971 1434 1203 1477 adornandi
1220 1447 1518 1493 opportunam,
1549 1435 1592 1476 in

94 1493 247 1552 Belgio
267 1508 343 1552 per
360 1493 519 1552 aliquot
536 1507 670 1536 annos
691 1493 865 1552 degenti
881 1491 999 1541 mihi,
1011 1491 1202 1551 praebuit
1217 1491 1481 1535 occasionem
1512 1491 1594 1534 SE-

94 1566 118 1593 R
130 1567 154 1594 E
165 1567 191 1593 N
203 1567 245 1593 IS
256 1567 360 1593 SIMI
387 1551 420 1594 P
432 1566 545 1593 RINc
556 1567 648 1593 IPIS
677 1552 788 1594 AuR
802 1565 852 1592 IA
866 1566 911 1593 CI
946 1552 1307 1606 Tlreriotropheum
1323 1549 1436 1592 haud
1451 1549 1595 1608 procul

96 1607 149 1651 ab
173 1610 296 1664 Haga
321 1606 499 1651 diffitum
519 1608 590 1652 ubi
612 1610 896 1665 Cerva-apra&
923 1624 1035 1651 nunc
1056 1609 1144 1651 fere
1172 1607 1324 1651 abhinc
1342 1607 1550 1651 decennio
1569 1621 1593 1649 e

96 1666 284 1723 Bengala
304 1667 486 1714 adlatae,
516 1665 695 1723 speciem
716 1667 1043 1723 multiplicarunt
1063 1666 1107 1708 dc
1130 1681 1212 1708 una
1227 1681 1323 1708 cum
1348 1667 1495 1708 Damis
1511 1679 1593 1707 ma-

97 1725 234 1776 cnlqsis
251 1725 560 1779 Bengalenfflvus
589 1722 613 1766 s.
632 1726 792 1766 Axibus
818 1724 986 1766 Ptmu
1016 1724 1249 1766 etiamnum
1269 1724 1377 1767 laete
1391 1721 1595 1768 vivunt&

95 1782 263 1839 prolem
289 1782 480 1823 educant.

210 1855 376 1899 Unicus
397 1867 558 1898 ‘tantum
578 1870 667 1898 mas
684 1859 768 1909 jam
787 1854 942 1903 senior,
977 1869 1073 1897 cum
1100 1855 1222 1897 unica
1253 1853 1411 1898 femina
1445 1855 1593 1899 itidem

96 1912 256 1961 adulta,
286 1928 343 1955 ex
361 1913 542 1957 Oriente
560 1911 697 1956 missus
722 1914 866 1956 fuerat.
927 1912 999 1955 Ex
1016 1912 1082 1955 his
1103 1928 1192 1955 mas
1213 1915 1309 1955 anni
1333 1917 1449 1967 1766.
1474 1914 1594 1956 initio

96 1972 241 2029 periit3
274 1970 429 2014 semina
448 1984 587 2014 autem
601 2004 610 2020 ‚
642 1984 842 2031 quantum
862 1970 943 2013 scio
961 1970 1138 2029 superest
1158 1970 1201 2013 ὃς
1213 1971 1441 2029 praeterito
1460 1970 1597 2015 adhuc

97 2043 208 2071 anno
238 2031 420 2087 peperit,
473 2045 728 2088 quamquam
754 2030 960 2072 decennio
997 2045 1108 2071 nunc
1138 2033 1281 2082 major.
1358 2027 1596 2072 Feriffimus

97 2086 259 2145 semper
276 2085 421 2130 mansit
439 2102 541 2130 mas.
602 2089 780 2131 Femina
803 2101 944 2130 autem
969 2085 1275 2130 familiarissima
1297 2085 1375 2136 est,
1416 2102 1593 2146 gregem

97 2160 183 2186 non
210 2145 409 2204 sequitur,
446 2144 748 2206 hominesque,
798 2146 851 2189 ad
882 2145 1003 2188 instar
1035 2147 1168 2194 canis,
1210 2144 1367 2205 ubique
1397 2144 1593 2195 seez-atur,

96 2204 193 2260 pani
207 2236 216 2253 ‚
235 2219 320 2263 quo
337 2204 457 2247 adlici
477 2202 609 2247 solent
625 2220 648 2248 a
666 2201 896 2264 speciatum
906 2203 1172 2249 venientibus
1192 2204 1398 2254 animalia,
1414 2203 1591 2253 inhians

1475 2277 1587 2314 cujus
