1998 2701
766 231 928 291 2504&
1043 235 1204 300 (24)Υ
1311 231 1471 290 Q&

477 343 619 398 Hepar
637 342 840 398 amplum,
876 342 916 383 in
933 351 1109 396 quatuor
1135 339 1254 382 lobos
1271 338 1461 393 divisum,
1491 342 1708 395 pauci-eatis
1726 341 1860 388 colore

368 400 566 451 albidum,
606 397 816 440 flaccidum
846 411 890 439 ac
914 397 1045 439 molle.
1119 395 1242 439 Falsis
1280 396 1440 452 vestigia
1477 395 1638 452 prorsus
1669 397 1785 438 nulla.
1813 418 1863 432 -1-

368 456 467 498 Lien
495 455 593 509 (fig.
617 453 700 508 B.)
731 453 866 496 fuscus
883 489 894 507 ,
919 452 1166 509 triangularis
1194 458 1210 506 (
1233 466 1278 496 ut
1298 455 1337 494 in
1355 454 1490 495 Siluris
1521 465 1561 494 et
1589 452 1768 509 plurimis
1808 456 1863 511 pi-

368 512 520 564 scibus)
560 511 732 566 superne
749 524 980 562 convexus,
1017 508 1172 552 inferne
1189 510 1340 568 planus.

478 578 734 621 Ventriculus
761 579 811 621 ab
836 576 1054 633 oesophago
1081 580 1235 633 capaci,
1273 577 1357 619 satis
1388 576 1573 632 ampliato
1589 575 1725 619 sensim
1744 576 1865 620 canali

366 634 552 678 efformat
576 635 758 684 bursam,
797 634 1026 691 oesophago
1062 634 1180 691 triplo
1204 634 1406 688 latiorem,
1442 647 1565 676 muco
1589 633 1701 687 albo,
1753 631 1865 675 foeti-

366 692 519 734 diffimo
545 691 748 748 repletam.

480 757 770 813 Appewdiculae
790 759 922 814 pylori
942 765 1009 809 48.
1047 760 1088 800 in
1105 758 1333 802 fasciculum
1352 758 1549 811 colleRae,
1578 770 1619 800 et
1636 757 1761 799 veluti
1781 771 1865 798 me-

366 814 572 856 senteriolo
594 828 818 868 connexae,
851 814 1118 872 bipollicares,
1155 816 1351 859 calamum
1389 815 1670 858 columbinum
1703 813 1865 856 craffitie

364 883 590 926 aequantes.

474 926 658 981 Intestina
676 926 930 981 longitudine
953 927 1063 982 piscis
1090 929 1113 978 ζ
1128 928 1282 979 14611.)
1313 927 1523 981 capacitate
1545 924 1633 967 oeso
1665 925 1769 980 hago
1795 938 1866 980 pa-

366 983 442 1034 ria,
472 983 578 1033 alba,
607 982 707 1023 sanie
726 982 934 1037 gelatinosa
954 983 1145 1035 scatentia,
1174 994 1214 1023 et
1229 982 1308 1022 sine
1329 982 1489 1022 notabili
1508 940 1754 1022 distineft'ione
1771 993 1865 1022 con-

367 1040 485 1080 tinua.
541 1037 702 1079 Renum
724 1039 795 1079 sub
813 1051 929 1080 utero
949 1038 1102 1079 sursum
1120 1038 1170 1078 ad
1194 1051 1317 1077 anum
1335 1036 1471 1076 tendit.

486 1102 533 1145 V
533 1104 619 1155 efica
639 1102 821 1147 urinaria
851 1108 872 1151 (
905 1118 949 1156 g.
967 1105 1020 1146 A.
1038 1104 1103 1156 h.)
1134 1103 1245 1145 recto
1263 1102 1472 1158 supposita,
1501 1101 1585 1144 satis
1603 1103 1704 1158 amp}

366 1161 475 1202 lanae
493 1158 650 1212 majoris
668 1170 802 1212 capax.
901 1169 1004 1208 ems,
1032 1159 1145 1211 quod
1164 1158 1355 1205 mirabile,
1388 1158 1461 1200 sub
1476 1159 1565 1211 ipsis
1585 1159 1705 1201 branc

367 1216 501 1257 fistulis
521 1216 718 1265 oriuntur,
747 1214 787 1253 in
808 1225 940 1253 unum
962 1223 1110 1266 corpus
1129 1210 1373 1259 brunneum,
1403 1208 1600 1253 clavatum
1619 1214 1699 1266 (fig

368 1270 623 1326 compactum
642 1270 761 1320 uniti,
791 1267 905 1322 quod
922 1267 1050 1321 usque
1068 1265 1117 1306 ad
1135 1265 1237 1306 uteri
1264 1264 1438 1305 fundum
1467 1267 1695 1308 extenditur

369 1340 526 1368 uretere
545 1325 727 1379 simplici,
756 1323 958 1377 insigniter
976 1323 1130 1375 capaci,
1156 1320 1292 1361 sensim
1317 1320 1535 1375 coarctato,
1564 1322 1688 1378 longo
1711 1343 1864 1367 reflexu

367 1382 514 1425 vesicae
531 1379 709 1421 inseritur
740 1381 760 1429 ζ
763 1376 840 1431 fig.
859 1376 912 1418 A.
923 1390 951 1418 c.
961 1379 995 1428 3.

479 1448 611 1504 Caput
632 1446 742 1503 piscis
762 1447 868 1488 intus
895 1443 1208 1500 cartilagineum.
1295 1441 1504 1485 Cerebrum
1532 1445 1571 1485 in
1599 1447 1669 1487 tria
1693 1439 1861 1502 corpora

369 1504 617 1547 distinctum:
642 1501 793 1556 globuli
811 1515 958 1557 nempe
976 1501 1060 1542 duo
1079 1501 1253 1541 minores
1272 1498 1321 1540 ad
1341 1500 1478 1541 oeulos
1507 1500 1620 1556 positi
1637 1502 1745 1555 sunt,
1778 1506 1862 1559 qui-

371 1563 445 1603 bus
505 1560 669 1601 osterior
695 1557 795 1611 jacet
827 1556 987 1599 medulla
1013 1555 1234 1609 oblongam.
1320 1555 1456 1598 [Vei-vi
1492 1556 1614 1611 optici
1647 1561 1793 1612 pariter
1818 1574 1862 1603 ac

368 1574 570 1672 olfatigrii
585 1616 780 1657 calamum
798 1614 1077 1657 columbinum
1095 1623 1278 1667 aequant,
1308 1613 1346 1652 in
1364 1612 1488 1654 multa
1507 1612 1568 1654 fila
1584 1613 1720 1656 fiffiles,
1774 1617 1821 1657 N
1823 1630 1860 1657 o-

371 1674 485 1715 tabile
506 1672 632 1714 visum
652 1669 747 1724 fuit,
780 1669 892 1727 quod
916 1671 1027 1711 nervi
1048 1671 1167 1725 optici
1187 1666 1436 1711 etolfafitorii
1457 1669 1652 1723 gaaglion
1678 1685 1860 1714 commu-

370 1744 419 1771 ne
438 1728 644 1785 quoddam
663 1725 898 1780 efforment,
920 1724 1081 1782 prorsus
1101 1725 1218 1778 uniti;
1247 1738 1269 1765 e
1289 1725 1463 1781 ganglio
1488 1727 1678 1782 utrinque
1704 1729 1860 1783 opticus

370 1786 419 1827 ad
435 1785 598 1827 oculum
618 1782 877 1839 progreditur
892 1813 902 1831 ,
931 1795 1051 1838 atque
1071 1795 1121 1823 ex
1139 1780 1288 1822 horum
1310 1782 1458 1836 angulo
1482 1783 1669 1824 oriuntur
1700 1782 1859 1826 olfatio-

370 1844 426 1884 rii.
483 1841 590 1882 Inter
608 1839 804 1881 medullae
828 1838 1062 1894 oblongatae
1089 1851 1204 1879 crura
1232 1838 1416 1879 inventus
1446 1836 1523 1879 fuit
1549 1838 1704 1892 lapilli-is
1733 1839 1858 1881 candi-

371 1899 465 1949 dus,
495 1895 638 1948 ovalis,
667 1896 773 1937 mole
791 1894 944 1937 seminis
963 1894 1190 1947 cannabini‚
1228 1892 1396 1949 superne
1422 1908 1652 1948 convexus)
1703 1895 1858 1938 inferne

397 1953 520 1996 lanus.

368 1967 395 2012 P
480 2008 592 2051 Piscis
619 2021 766 2064 corpus
801 2007 962 2051 fulcitur
978 2005 1112 2064 spinis
1137 2019 1212 2061 pro
1240 2006 1348 2048 mole
1369 2009 1547 2062 corporis
1575 2008 1856 2064 tenerioribus;

372 2064 483 2119 quod
503 2066 797 2120 impotentiam,
824 2078 875 2106 ex
893 2064 969 2119 ipsa
989 2064 1108 2106 totius
1126 2063 1287 2106 mollitie
1304 2076 1342 2105 et
1358 2065 1594 2119 pinnarum,
1631 2063 1856 2108 flacciditate

371 2120 601 2174 oriundam,
637 2120 812 2162 multum
831 2133 980 2175 augere
1004 2119 1133 2162 debet.

1811 2178 1854 2219 In
