1998 2701
744 215 906 274 Quas?
1023 216 1436 273 (6)’2=2m22‘

343 337 429 378 lum
447 326 672 373 monilibus
689 324 833 368 vitreis
863 325 1061 366 exornari
1089 336 1214 383 atque
1246 324 1353 366 inter
1379 323 1626 367 domesticas
1648 338 1748 369 aves
1764 324 1834 370 ha-

341 392 430 437 beri
447 387 568 436 solet,
602 383 658 427 ob
674 397 842 425 morum
859 382 1114 440 lepiditatem
1138 384 1180 425 ὁὶ
1202 381 1470 441 fingtisare1n,
1497 398 1622 442 quam
1643 384 1742 433 edit,
1759 400 1835 428 vo-

339 463 455 495 cem,
481 444 744 500 sonitumque
763 441 833 500 qui
850 455 1004 484 vocem
1020 442 1179 499 excipit
1203 440 1423 485 insolitum.
1484 440 1834 487 Familiariffimae

340 517 476 554 erant,
508 517 611 563 quas
635 502 754 544 vivas
782 499 870 542 vidi
916 500 1141 542 Surinamo
1180 496 1326 541 missas.
1404 496 1574 548 Gresl'ii,
1604 498 1834 560 habituque

339 565 516 608 omnino
533 561 699 604 Gruem
716 555 996 602 imitabantur.
1057 556 1341 600 Vescebantur
1358 572 1487 615 pane,
1519 557 1731 608 carnibus,
1751 561 1831 617 pis-

338 623 563 680 ciculisque
579 617 861 661 comminutis.
923 615 1217 659 Decurrebant
1232 615 1352 673 saepe
1370 616 1510 674 longis
1527 614 1723 673 paffibus,
1740 617 1831 661 alis-

335 696 416 742 que
431 677 694 723 ventilantes.
753 672 1004 733 Pugnabant
1025 689 1123 716 cum
1149 672 1351 718 Cracibus
1377 673 1423 716 <Sc
1458 673 1687 724 Phasi-anis,
1724 691 1830 735 quos

334 742 442 783 inter
458 735 744 782 servabantur,
768 731 1059 781 subsultantes,
1091 734 1218 774 motis
1235 733 1338 774 item
1355 732 1440 774 alis.
1501 733 1607 776 Uno
1623 731 1742 790 saepe
1759 749 1829 793 pe.

333 799 397 848 di,
427 794 602 840 adinstar
618 792 805 840 Gruum.
836 789 1062 833 insistentes
1087 789 1374 850 quiescebant,
1409 787 1593 834 retracto
1620 791 1742 834 collo.

331 852 354 858 '
447 853 642 898 Maxime
652 848 857 892 notabiles
868 847 956 891 sunt
969 847 1025 892 ob
1022 849 1208 906 sonitum
1221 848 1335 890 illum
1346 847 1607 907 singularem,
1618 864 1642 892 e
1659 865 1743 909 quo
1753 866 1827 893 no-

334 929 433 958 men
445 913 728 965 Mltcucagnae
745 907 789 950 ὗε
806 909 1042 962 crepitantis
1059 907 1248 962 Psbphiw
1265 919 1522 949 meruerunt.
1541 908 1683 950 Vocem
1696 923 1824 967 quan·

332 973 430 1016 dam
445 983 612 1013 raucam
631 966 834 1023 (Scherek,
851 966 1053 1015 Scherek‚)
1074 963 1137 1008 bis
1163 976 1282 1007 terve
1310 965 1500 1007 iteratam
1512 997 1521 1013 ,
1560 965 1691 1023 vulgo
1708 981 1824 1024 pm&

332 1032 499 1074 mittere
518 1026 670 1072 solent;
713 1036 888 1082 tumque
907 1038 965 1065 ex
982 1024 1070 1065 imo
1088 1021 1327 1065 abdominis
1347 1037 1453 1064 cavo
1474 1022 1608 1066 sonitu
1627 1024 1826 1082 quodam,

332 1089 485 1150 pluries
501 1085 696 1144 repetito,
727 1081 921 1135 columbi}
932 1082 1153 1138 prurientis
1171 1079 1257 1123 fere
1279 1080 1460 1129 aemulo,
1491 1082 1546 1123 ita
1561 1079 1826 1139 respondent,

330 1160 376 1190 ut
395 1162 476 1190 ano
494 1143 677 1188 eundem
694 1139 860 1199 prodire
878 1138 966 1181 fere
989 1139 1171 1185 diceres3
1191 1138 1306 1197 quod
1323 1139 1367 1181 ὅε
1384 1140 1509 1197 aliqui
1524 1152 1729 1197 putarunt.
1754 1140 1825 1185 Ab

330 1208 440 1249 intus
471 1217 613 1246 tamen
639 1197 832 1242 concluso
861 1205 956 1239 aere
981 1194 1155 1240 efficitur
1184 1197 1262 1238 ille.
1323 1197 1395 1239 Ad
1416 1195 1622 1255 singulum
1645 1196 1824 1242 sonitum

328 1276 522 1309 ventrem
538 1259 660 1303 valde
677 1257 841 1299 moveri
859 1255 903 1298 ὅε
921 1271 969 1297 os
988 1256 1218 1312 adaperiri„
1241 1254 1360 1313 saepe
1379 1257 1507 1298 etiam
1532 1254 1682 1314 absque
1707 1272 1823 1315 prae-

328 1319 442 1366 missa
459 1334 586 1367 voce,
615 1315 795 1359 sonitum
810 1314 971 1357 editum
993 1311 1130 1362 suilse,
1159 1311 1391 1356 observavi.
1450 1313 1539 1357 Vix
1557 1326 1698 1357 tamen
1708 1316 1823 1374 quid-

327 1395 453 1441 quam
476 1375 673 1438 patefecit
697 1385 912 1421 anatome,
953 1387 976 1414 e
1003 1387 1087 1431 quo
1114 1370 1325 1430 singularis
1353 1371 1421 1414 ille
1444 1369 1598 1414 sonitus
1622 1374 1822 1430 explicari

329 1450 464 1499 queat.
496 1434 608 1480 Mihi
629 1432 814 1490 laryngis
836 1427 1034 1473 strucsura
1057 1430 1232 1487 primaS,
1261 1431 1302 1470 in
1329 1429 1603 1487 producendo
1620 1445 1673 1472 eo
1688 1463 1698 1479 ,
1731 1447 1820 1490 par-

327 1509 390 1540 tes
407 1509 532 1554 agere
547 1493 733 1539 videtur,
765 1489 1038 1548 amplitudine
1058 1488 1102 1530 d:
1119 1486 1384 1530 cellulositate
1410 1486 1511 1531 sacci
1529 1489 1638 1531 aerei
1655 1489 1820 1532 alterius

326 1556 464 1598 lateris
483 1552 591 1595 sorte
607 1550 754 1603 adjuta.
776 1604 782 1606 ,

409 1611 579 1657 Coloris
592 1609 747 1667 aliquas
756 1606 977 1649 Varietates
990 1605 1031 1647 in
1041 1604 1251 1646 nonnullis
1262 1602 1444 1647 visorum
1456 1602 1726 1662 speciminum
1745 1622 1816 1649 no-

326 1672 431 1715 tavi:
445 1683 609 1729 pennae
629 1666 780 1708 scilicet
796 1664 952 1706 alarum
975 1663 1179 1722 uniatque
1195 1663 1310 1705 alteri
1326 1661 1535 1706 hincinde
1553 1663 1669 1707 albae
1689 1678 1817 1708 erant.

324 1730 374 1773 Id
390 1744 495 1773 vero
528 1723 778 1769 domesticae
806 1720 955 1763 haruin
977 1722 1118 1764 avium
1149 1722 1259 1763 vitae
1288 1720 1466 1763 adtribui
1495 1720 1651 1764 debere
1681 1722 1817 1766 existi-

326 1803 412 1830 mo.
437 1787 533 1830 Nec
554 1784 647 1827 sane
665 1781 792 1823 credo
812 1793 899 1822 tam
917 1777 1130 1837 insigniter
1151 1780 1191 1820 in
1209 1778 1328 1832 hujus
1344 1780 1432 1821 avis
1449 1778 1658 1822 coloribus
1674 1780 1817 1824 ludere

323 1846 529 1890 Naturam
543 1875 554 1892 ,
583 1854 629 1884 ut
647 1838 958 1893 llIazrcgrcfiimat
980 1835 1198 1900 descriptio
1217 1836 1417 1896 quadrare
1436 1834 1566 1894 possit.
1621 1837 1686 1880 Ea
1702 1840 1815 1882 enim

323 1901 501 1947 univerfi
519 1898 705 1959 corporis
724 1897 911 1938 colorem
928 1893 1239 1937 diversissimum
1264 1895 1464 1952 exprimit
1496 1893 1547 1938 ab
1572 1910 1646 1945 eo,
1717 1912 1815 1940 uem

323 1963 365 2005 in
388 1960 565 2019 septenis
596 1956 679 2016 ipse
703 1952 994 2012 speciminibus
1029 1952 1286 1995 constantem
1314 1951 1584 2011 deprehendi.
1674 1911 1815 2014 &aput

323 2033 478 2076 nempe
494 2032 590 2060 cum
606 2014 716 2057 collo
735 2009 906 2054 obscure
924 2009 1035 2052 flavo
1054 2010 1098 2053 <Sc
1113 2011 1235 2068 nigro
1246 2008 1536 2068 punesulatum
1549 2010 1593 2053 ὗε
1611 2012 1752 2070 gulam
1762 2014 1813 2056 al.

322 2077 534 2122 bicantem
550 2073 674 2117 tradit
686 2104 697 2121 ,
729 2085 824 2112 cum
840 2070 882 2111 in
897 2068 1043 2110 nostris
1060 2067 1164 2111 haec
1184 2070 1327 2110 omnia
1344 2070 1520 2111 omnino
1536 2081 1621 2111 atra
1638 2069 1682 2112 ὗε
1698 2075 1813 2128 jugu-

322 2136 411 2178 lum
426 2133 662 2176 coerulante
678 2129 813 2172 nitore
830 2125 1038 2186 perfusum
1055 2125 1189 2169 fuerit.
1229 2126 1460 2171 Cinereum
1477 2127 1625 2169 eadem
1641 2118 1815 2187 descfip.

323 2195 383 2237 tio
400 2192 587 2236 colorem
606 2185 791 2248 perstori,
819 2186 957 2230 ventri
973 2197 1097 2244 atque
1121 2183 1242 2228 dorso
1258 2183 1411 2235 tribuit,
1440 2186 1511 2244 qui
1527 2184 1633 2228 dorsi
1653 2198 1816 2230 tantum

1630 2245 1813 2288 mediam
