1998 2701
492 606 577 692 ,A
685 607 916 694 NS
1026 604 1260 692 ER

580 772 583 775 -
607 738 1057 802 HVPERBORE
1064 750 1157 800 Vs.

920 885 1187 893 ——..—.-.

126 949 404 1084 Descripfi
451 998 681 1041 rariffimam
723 997 887 1041 Anseris
932 1000 1243 1056 septentrionalis
1290 998 1480 1054 speciem3
1524 996 1626 1045 addo

292 1055 405 1096 aliam
435 1056 473 1095 in
509 1055 661 1097 arfficis
694 1055 860 1110 quidem
892 1058 1006 1098 terris
1037 1054 1412 1108 frequentiffimam‚
1474 1053 1627 1095 hodier-

130 1115 189 1155 nis
209 1124 339 1154 tamen
365 1108 559 1162 Zoologis
582 1111 652 1147 vix
684 1123 821 1147 notam
841 1125 881 1148 ct
900 1112 1143 1162 perobscure
1171 1107 1376 1162 traditam3
1423 1109 1515 1150 hinc
1543 1123 1627 1164 gra-

132 1181 170 1211 ta
199 1165 359 1210 curiosis
379 1176 509 1212 erunt,
539 1176 644 1217 quae
663 1161 713 1202 de
734 1160 818 1215 ejus
837 1175 978 1206 natura
997 1163 1183 1220 colligere
1194 1164 1322 1220 potui,
1354 1164 1501 1219 quibus
1519 1179 1626 1208 accu-

132 1236 257 1265 ratam
275 1219 579 1289 descriptionem
597 1217 844 1274 subjungam.

246 1325 374 1383 Anser
409 1324 671 1381 hyperboreas
698 1325 767 1367 vix
794 1327 863 1368 nisi
886 1326 925 1367 in
945 1327 1056 1367 terris
1076 1323 1321 1378 borealibus,
1353 1326 1401 1367 ad
1420 1327 1629 1369 Orientem

117 1388 257 1437 1300.
296 1382 576 1438 longitudinis,
614 1381 694 1422 five
722 1383 822 1424 circa
850 1381 1005 1424 Lenam
1040 1393 1078 1422 et
1104 1382 1235 1423 Ianam
1252 1380 1397 1423 fluvios
1411 1383 1542 1438 pofitis
1563 1397 1627 1425 oc-

135 1441 270 1483 currit.
327 1439 412 1481 Ubi
431 1438 480 1478 ab
498 1436 658 1479 Accolis
679 1437 826 1487 Iakutis
846 1436 1144 1493 ‘wzmg-chaff
1162 1450 1348 1491 vocatur,
1394 1438 1507 1494 quod
1543 1453 1628 1481 ean-

135 1497 228 1539 dem
255 1510 352 1538 cum
375 1492 587 1536 Rufforum
611 1491 740 1534 Bieloi
765 1493 875 1550 guff,
920 1494 1000 1535 five
1029 1493 1176 1549 Awfere
1196 1492 1280 1535 albo
1307 1495 1628 1549 fignificationem

134 1553 265 1594 habet.
322 1551 501 1593 Parvulis
517 1549 683 1604 quidem
711 1549 876 1591 subinde
904 1549 1137 1592 cohortibus
1162 1548 1481 1591 occidentaliores
1507 1564 1629 1592 terras

137 1609 282 1660 visitat,
319 1608 400 1647 imo
427 1619 502 1660 per
525 1605 734 1660 Europam
764 1619 929 1661 quoque
949 1606 1093 1661 paffim
1107 1606 1379 1661 transmigrare
1407 1604 1577 1659 videtur,
1608 1621 1628 1649 a

137 1665 498 1705 SCHWENKFELmo
519 1674 625 1701 certe
643 1663 743 1701 inter
759 1662 949 1703 Silesiacas
968 1676 1061 1703 aves
1082 1662 1292 1703 recensitus
1314 1674 1352 1703 et
1370 1662 1419 1703 ab
1438 1661 1629 1705 llAMAR-

138 1732 239 1761 SILIO
257 1719 297 1759 in
317 1718 453 1773 Opere
471 1716 709 1757 Danubiano
729 1716 964 1772 delineatus3
994 1719 1032 1758 in
1059 1719 1102 1758 iis
1131 1730 1260 1759 tamen
1287 1718 1474 1759 omnibus
1502 1720 1629 1774 regio-

138 1774 256 1816 nibus
275 1787 351 1829 pro
371 1773 536 1814 erratico
551 1770 758 1813 habendus
778 1773 851 1822 est,
891 1787 965 1816 nec
991 1774 1059 1815 nisi
1086 1775 1125 1815 in
1151 1773 1346 1815 orientalis
1373 1775 1533 1816 Sibiriae
1561 1775 1629 1816 bo-

75 1851 85 1855 ·<
139 1830 230 1872 reali
249 1843 317 1871 ora
338 1827 538 1883 regulares
556 1827 682 1869 servat
698 1829 942 1884 migrationis
969 1831 1094 1879 vices,
1133 1842 1362 1885 certamque
1397 1832 1501 1872 viam
1530 1845 1628 1886 quo-

142 1887 264 1926 tannis
285 1884 470 1939 sequitur.
526 1884 662 1925 Primo
683 1884 807 1927 statim
828 1900 942 1938 vere,
974 1898 1013 1928 et
1031 1898 1122 1927 ante
1149 1886 1320 1941 reliquas
1351 1888 1486 1928 avium
1512 1902 1629 1943 aqua·

141 1942 306 1983 ticarum
324 1941 373 1981 ab
393 1940 568 1981 orientali
592 1940 706 1996 plaga
734 1939 920 1984 inferiore
937 1944 977 1983 in
1002 1942 1181 1984 Sibiriam
1206 1942 1507 1985 adventantium
1535 1958 1627 1999 gre-

141 2011 233 2051 ges,
262 1995 458 2037 immensis
476 1996 708 2037 cohortibus
727 2011 746 2037 a
766 1997 879 2053 plaga
899 1998 1089 2041 Orientali
1115 1998 1315 2054 superiore
1340 1998 1363 2040 fi
1389 1999 1629 2054 Septentrio-

142 2053 290 2094 naliore
308 2065 411 2093 trans
432 2066 540 2093 mare
557 2051 714 2107 glaciale
739 2055 939 2108 irrruunt,
968 2057 1183 2111 primoque
1203 2056 1302 2097 circa
1322 2055 1490 2110 Kolyma
1516 2055 1629 2097 fluvi-

141 2122 214 2168 um
240 2107 554 2163 conspiciuntur3
585 2108 704 2163 paulo
722 2110 810 2164 post
821 2109 869 2152 ad
886 2111 997 2153 lanae
1007 2124 1046 2154 et
1064 2111 1198 2154 Lenae
1219 2111 1437 2156 fluviorum
1455 2113 1547 2154 ostia
1566 2127 1629 2153 ve-

908 2167 945 2208 D
1503 2170 1629 2223 niunt,
