1998 2701
507 199 688 256 πμ
811 198 1021 255 (ω)
1138 173 1320 257 Qw

157 296 290 340 solum
315 296 627 345 constitutione,
683 292 752 337 sed
783 294 911 336 totius
935 294 1061 337 etiam
1093 297 1279 353 corporis
1303 295 1440 341 forma
1472 299 1667 351 diversus,

158 369 398 413 quanquam
415 352 476 398 sca
507 351 563 396 ha
578 352 737 396 caudali
756 348 907 394 fimilis.
965 351 1014 394 In
1032 352 1068 395 F
1070 354 1156 395 ucis
1174 354 1442 407 littoralibus,
1478 361 1667 404 maxime

157 412 384 467 veffculoso‚
425 426 448 454 a
496 413 543 453 xi
565 408 743 470 pedibus
767 407 942 453 haerere
963 408 1096 453 solent
1117 410 1261 455 Onisci
1286 411 1474 463 balthici3
1517 416 1669 475 sugunt

157 472 284 513 etiam
311 470 355 512 δι
385 480 546 512 vexant
570 468 718 527 pisces,
762 468 1001 525 praesertim
1027 468 1161 512 Gadis
1193 470 1338 514 infesti.
1407 473 1490 516 Per
1517 489 1670 535 aquam

157 527 302 571 Onisci
328 528 504 586 aquatici
534 541 654 569 more
677 538 839 577 natant,
870 525 938 569 vel
963 527 1103 584 potius
1119 541 1285 572 currunt
1300 531 1342 572 in
1366 532 1516 574 mediis
1534 534 1668 577 undis,

155 585 203 628 T
205 583 288 628 asti
303 597 633 644 contorquentur
648 582 693 627 '62
709 584 959 627 volutantur.
1021 585 1089 627 Ad
1108 588 1273 630 Travae
1288 588 1437 631 ostium
1463 590 1670 648 copiosior

156 656 243 686 erat
260 641 364 685 haec
380 642 526 686 Onisci
547 641 723 701 species,
756 657 884 709 quam
901 642 1059 701 Squilla
1076 643 1294 703 Crangon,
1320 646 1368 688 <Sc
1388 645 1546 691 retibus
1567 663 1668 708 quo-

154 716 237 760 que
260 699 508 759 piscatorum
526 715 681 744 nocere
705 700 865 744 dicitur.
923 700 1035 744 Mira
1052 701 1109 744 est
1124 703 1301 745 colorum
1315 705 1493 748 varietas
1509 721 1590 765 qua
1609 707 1667 750 lu-

155 760 227 803 dit.
288 757 596 818 Vulgatiffimus
619 759 737 801 color
760 758 818 802 est
844 759 1089 808 corneolus,
1117 758 1439 818 subpellucidus3
1470 765 1506 806 is
1526 776 1667 808 autem

153 832 265 860 nunc
292 808 568 866 einer-ascens,
611 832 722 859 nunc
741 815 1004 865 albicantior,
1035 816 1284 875 quibusdam
1310 818 1539 870 virescens,
1576 823 1668 865 imo

154 874 360 933 pellucide
378 876 541 922 viridis;
571 872 766 917 rariffime
784 873 1037 917 rubicundus
1052 887 1124 917 aut
1137 874 1300 933 prorsus
1319 875 1463 920 fuscus.
1532 879 1667 922 Pellu-

153 932 332 977 cidiores
347 944 564 990 praeterea
582 931 628 974 ἃ
644 930 894 975 virescentes
917 932 985 974 vel
1001 933 1227 988 lataqucia
1242 934 1540 986 cinerascente‚
1571 937 1664 980 dor-

153 989 242 1033 sum
261 1003 494 1048 occupante
511 990 555 1033 ὅε
573 990 626 1032 ad
641 1002 862 1048 utrumque
877 991 1114 1048 marginem
1129 991 1381 1049 nigricante,
1404 994 1481 1037 'vel
1494 998 1666 1050 gemina

142 1049 278 1105 fcfiia
289 1048 497 1106 parallela,
525 1048 663 1106 magis
680 1048 875 1090 minusve
891 1045 1076 1095 saturata,
1106 1046 1262 1106 singula
1278 1062 1458 1110 utroque
1474 1054 1665 1111 margine

106 1108 114 1111 ’
152 1107 396 1164 nigricante,
424 1121 452 1148 a
466 1108 602 1160 capite
613 1106 671 1148 ad
685 1104 860 1160 scaphae
877 1107 1110 1159 marginem
1128 1104 1231 1160 picti
1245 1105 1526 1151 observantur.
1557 1110 1663 1154 Uni-

152 1177 251 1204 cum
272 1162 417 1204 inveni
440 1159 648 1218 specimen
673 1158 914 1202 histrionico
939 1162 1062 1216 plane
1083 1162 1219 1204 modo
1236 1164 1518 1221 variegatu1n;
1556 1169 1663 1211 vire-

153 1218 289 1267 scens,
321 1220 476 1277 capite,
505 1216 739 1276 &scaphae
759 1218 899 1275 apice,
929 1216 1050 1259 fascia
1071 1218 1152 1260 lata
1168 1220 1342 1262 caudam
1360 1221 1586 1274 ambiente,
1617 1225 1663 1269 ὅτ

154 1278 232 1321 alia
250 1277 356 1319 circa
382 1276 571 1318 medium
585 1290 758 1332 corpus,
794 1277 836 1317 in
863 1273 985 1317 dorso
1007 1273 1248 1326 deficiente,
1279 1278 1466 1323 obsolete
1490 1285 1595 1325 atris.
1613 1306 1664 1312 —-

154 1336 332 1379 Videtur
347 1333 456 1376 hanc
472 1348 612 1376 meam
630 1331 808 1391 speciem
827 1331 1044 1376 delineasse
1065 1333 1312 1378 KLmes
1335 1339 1446 1393 (dub.
1463 1342 1552 1383 circ.
1572 1342 1661 1384 Lim.

154 1394 197 1436 cl.
217 1394 296 1434 tab.
310 1392 388 1448 fig.
409 1407 446 1443 4.
465 1401 506 1446 p.
528 1406 592 1446 39.
619 1405 662 1432 n.
680 1391 748 1445 4.)
780 1387 903 1432 aneta
928 1391 1100 1448 quidem
1122 1394 1432 1457 magnitudine,
1476 1396 1546 1440 sed
1571 1398 1663 1442 satis

150 1462 343 1494 ,accurate
370 1445 616 1507 expressam.
690 1447 845 1491 Tradit
866 1448 901 1490 is
924 1462 953 1490 a
977 1448 1297 1492 Gedanenhbus
1321 1450 1436 1495 hunc
1458 1453 1663 1499 Oniscum

148 1508 370 1553 ,communi
385 1522 480 1549 cum
490 1506 680 1549 Entomo
698 1505 967 1562 pyramidato
983 1507 1159 1549 nomine
1168 1509 1468 1553 schachtmmm
1485 1513 1665 1571 appella-

155 1568 200 1609 ri.
259 1566 388 1609 Forte
406 1563 520 1606 hunc
544 1577 714 1622 quoque
737 1562 872 1605 voluit
890 1562 1113 1605 Scopou
1140 1567 1358 1620 (entomol.
1378 1582 1489 1611 carn.
1503 1580 1544 1625 p.
1565 1587 1662 1627 413.

144 1626 205 1681 [ρ.
229 1641 242 1667 ι
259 1639 328 1678 141
337 1624 370 1678 y
381 1653 393 1671 ,
425 1621 500 1665 ubi
517 1621 700 1677 Ong'scmn
711 1622 935 1663 tridentem
951 1621 1133 1664 vocavit.
1505 1634 1507 1645 ¹

557 1731 1272 1801 DESCRIPTlo

245 1823 755 1922 ONISCI
830 1823 1575 1894 BALTHJCL

533 1941 644 1993 Ταῦ.
658 1943 751 1993 JV.
794 1942 907 2008 ως.
926 1942 965 1992 6.
980 1941 1049 1994 A.
1059 1941 1125 2005 B.
1144 1942 1195 1992 C.
1218 1943 1289 1992 D.

162 2028 337 2108 Corpus
376 2050 670 2103 duriusculum,
711 2049 898 2109 pollicari
929 2051 1082 2093 minus.
1173 2051 1323 2094 Forma
1355 2051 1544 2112 oblonga
1572 2051 1662 2098 fere

157 2110 303 2156 Onisci
321 2110 519 2170 ungulati.
579 2110 693 2154 Oculi
709 2111 753 2154 in
770 2109 874 2155 vivo
889 2106 1015 2152 lactei
1030 2106 1207 2159 coloris,
1243 2107 1404 2167 punito
1420 2108 1546 2154 fusco.

908 2203 931 2248 1
961 2219 984 2248 2
1536 2207 1664 2265 Caput
