1998 2701
474 212 657 272 ’'loeta'‘
778 214 991 270 (39)
1108 212 1294 272 'Qeffl

130 309 307 356 limbum
326 309 463 359 illum,
492 322 539 353 ut
561 311 639 354 vix
663 312 750 364 ejus
778 309 945 369 superfit
970 309 1212 369 vestigium,
1242 322 1368 373 atque
1391 322 1491 355 tunc
1506 325 1565 356 ex
1579 311 1643 355 fo:

75 376 80 377 ⁷
130 371 291 413 ramine
309 370 474 412 interno
492 368 761 426 daffitylorum
783 369 1023 427 granulatae
1045 366 1323 412 foeces'tanta
1340 371 1382 414 vi
1407 370 1642 429 explodun-

131 439 217 477 tur,
246 440 292 469 ut
305 428 468 486 ingenti
485 425 583 468 saltu
601 441 657 483 op
670 424 839 468 )os1tum
864 426 1015 469 foueae
1039 428 1274 485 marginem
1292 427 1582 471 transfiliant.“

254 486 351 527 Tab.
372 485 466 526 IIII.
496 485 585 541 Fig.
601 500 635 527 1.
707 482 860 528 xhibet
875 483 1050 528 crustam
1066 485 1270 546 triplicem
1283 484 1402 541 huJus
1421 484 1643 545 Zoophyti

130 542 175 589 in
198 541 237 588 F
239 558 320 585 uco
344 538 509 585 serrato.

283 615 320 643 a.
340 600 530 643 Varietas
546 599 668 642 radiis
682 599 937 644 lanceolatis.

284 660 319 701 b.
338 657 434 701 Alia
452 658 575 701 radiis
594 658 995 703 ovato-lanceolatis.

283 731 312 758 c.
329 715 473 759 Radiis
496 715 731 759 linearibus.

247 781 337 838 Fig.
366 797 402 824 2.
433 781 563 823 Stella
590 779 711 824 aucta
736 781 947 824 varietatis
972 797 1008 824 a.
1033 780 1104 826 ubi
1132 798 1169 826 a.
1198 784 1421 827 cauitatem
1444 782 1643 831 mediam,

132 836 334 887 cinfiam,
357 839 547 896 margine
564 838 591 887 β
621 838 812 882 extenfili
825 840 867 880 in
885 855 1040 882 conum
1060 841 1312 898 pellucidum
1331 843 1428 899 (fig.
1460 855 1493 893 3.
1511 844 1585 893 'y-);
1613 842 1642 884 δ.

133 895 268 939 oscula
285 895 456 939 dorsalia
471 895 734 946 subdentata,
754 911 779 934 ελ
795 895 930 941 oscula
947 898 1110 941 interna
1126 897 1338 958 fignificat.

284 972 374 1027 Fz‘g.
397 987 433 1026 3.
444 970 587 1020 Stella,
603 986 710 1029 quae
726 970 877 1014 foueae
893 974 1130 1032 marginem
1145 974 1188 1018 in
1204 989 1360 1018 conum
1376 988 1410 1026 γ.
1429 971 1645 1031 expandit.

285 1030 375 1084 Fjg.
395 1045 434 1080 4.
460 1029 590 1071 Stella
610 1027 732 1071 auela
758 1031 970 1072 varietatis
1000 1033 1035 1073 b.

283 1086 373 1139 Fig.
390 1100 429 1133 5.
447 1085 577 1128 Stella
592 1086 696 1126 item
717 1085 852 1132 aurita,
871 1088 1081 1127 varietatis
1101 1103 1131 1128 c.

163 1239 220 1290 ll.
241 1236 646 1289 BOTRYLLUS
666 1181 1063 1306 cg1g101iieratut
1082 1238 1392 1291 GAERTNER.
1420 1241 1472 1291 in
1489 1240 1612 1290 Litt.

132 1307 385 1386 „Botryllm
406 1330 574 1385 daaylis,
599 1329 930 1385 conglomeratis,
969 1330 1107 1387 osculis
1131 1333 1327 1374 edentulis
1352 1332 1646 1374 terminalibus.

136 1391 287 1445 Corpus
305 1386 593 1445 gelatinosum,
610 1387 739 1429 molle
751 1418 762 1435 ,
787 1402 1051 1437 convexum,
1080 1388 1230 1446 plantis
1247 1391 1414 1432 marinis
1432 1389 1644 1432 adnatum.

252 1461 414 1517 Dadlyli
427 1460 593 1517 plurimi
610 1459 784 1503 obovati
795 1491 805 1508 ‚
824 1458 1115 1510 subimbricati,
1132 1462 1274 1505 laeues
1285 1494 1295 1511 ‚
1324 1462 1570 1508 albicantes;
1591 1461 1646 1503 al·

134 1533 225 1566 tera
251 1533 384 1578 eaque
407 1516 551 1572 obtusa
583 1518 850 1559 extremitate
878 1515 1142 1574 respicientes
1168 1521 1355 1577 corporis
1376 1517 1647 1577 superficiem,

136 1578 341 1636 ampliore
365 1573 424 1618 ibi
445 1573 490 1616 d:
517 1574 722 1616 terminali
749 1572 947 1631 perforati
974 1576 1096 1623 ostio5
1128 1576 1254 1618 altera
1278 1589 1419 1619 autem
1441 1577 1647 1623 tenuiore,

136 1633 357 1680 introrsum
380 1631 515 1682 versa,
543 1632 807 1691 minimoque
839 1629 1000 1689 pertusa
1028 1633 1253 1683 foramina,
1299 1634 1470 1677 centrali
1496 1633 1648 1676 foueae

137 1692 286 1738 inserti.

257 1763 629 1866 Cauitasbssentralis
658 1761 1075 1816 infundibuliformis,
1108 1767 1299 1824 margine
1319 1763 1569 1816 contrastili,
1593 1765 1649 1810 al-

135 1825 322 1873 bicante,
350 1824 413 1865 cin
464 1837 498 1864 a.

258 1898 390 1942 O-vula
405 1894 588 1955 globosa,
605 1894 836 1945 albicantia,
850 1911 927 1955 per
942 1894 1201 1941 substantiam
1222 1898 1494 1958 gelatinosam
1505 1896 1647 1958 sparsa.

252 1961 492 2019 Reperitur,
519 1958 588 2003 sed
604 1961 753 2009 rarius,
783 1960 826 2001 in
846 1961 948 2002 Fuco
966 1959 1204 2019 praesertim
1216 1964 1387 2019 strrctto
1408 1962 1452 2005 ἀ
1465 1960 1647 2018 720d0s0.“

261 2027 358 2068 Tczh.
377 2025 448 2066 III.
470 2025 556 2080 Fig.
574 2029 613 2066 6.
643 2023 765 2066 Duos
782 2021 909 2067 refert
924 2024 1140 2083 Botryllos
1157 2027 1495 2086 conglomeratos
1512 2025 1565 2069 ad
1581 2039 1646 2067 cm.

139 2087 182 2131 in
204 2084 399 2144 portione
414 2082 517 2125 Fuci
540 2080 697 2124 nodosi.

256 2142 307 2186 A.
330 2137 516 2185 smitam
532 2140 654 2183 lentis
679 2154 762 2198 ope
783 2137 1028 2184 structuram
1045 2141 1116 2187 sub
1133 2142 1264 2186 oculis
1278 2144 1412 2245 polxff.
1431 2194 1644 2243 DISTO-
