1998 2701
698 182 884 240 Qffl
1003 181 1217 263 (4².)
1296 183 1519 241 Qoss*

295 301 299 304 ’
350 299 494 332 artem,
525 284 565 326 in
587 284 739 340 magnis
757 281 905 328 vasibus
919 298 1018 341 aqua
1033 284 1180 328 marina
1196 283 1323 340 plenis
1345 281 1495 329 servare
1515 283 1554 329 Sc
1574 283 1713 329 muscis
1738 285 1777 328 in
1799 284 1868 330 haae'

352 346 447 387 cillo
474 342 582 397 supra
607 357 748 398 aquam
777 345 910 386 ereeto
935 343 1093 386 eminus
1119 342 1262 387 oblatis
1290 356 1469 387 exercere
1501 342 1637 389 solent.
1707 343 1866 387 Ambo

352 414 498 456 nempe
521 399 566 443 hi
593 400 715 457 pisces
739 400 917 458 singulari
934 402 1224 452 mechanisma,
1254 416 1277 445 e
1293 401 1478 445 simeiura
1497 402 1600 446 oris,
1641 401 1680 443 in
1697 404 1885 458 utroque

349 458 617 505 diversissima,
654 459 818 502 minime
843 460 1098 517 explicando,
1135 474 1257 517 aquae
1279 460 1475 517 guttulam
1493 459 1546 504 „in
1573 457 1781 510 lunanum,
1821 459 1869 502 ad

348 518 468 560 trium
490 518 710 572 pluriumve
734 519 882 574 pedum
908 517 1133 560 distantiam
1160 533 1183 560 a
1205 517 1240 560 se
1259 518 1369 574 supra
1391 519 1530 575 aquam
1549 530 1724 568 remota,
1761 530 1868 561 tanta

350 578 386 619 vi
402 575 629 631 jaculantur,
663 587 706 618 ut
722 591 765 619 ea
784 577 1018 632 plerumque
1034 575 1230 630 dejiciant,
1258 575 1328 619 sibi
1347 576 1512 632 praedae
1531 573 1670 619 futura.

462 635 638 677 Tradam
657 634 724 677 hic
743 634 856 678 aliam
878 635 918 676 in
943 632 1048 677 Pisce
1069 634 1247 691 quodam
1267 634 1408 677 Indico
1429 632 1717 677 observabilem
1737 647 1867 677 remo-

348 704 426 736 tam
445 694 630 749 praedam
648 693 888 750 adipiscendi
907 691 1168 743 methodum,
1199 691 1356 750 qualem
1379 692 1457 735 fere
1479 692 1520 735 in
1539 692 1673 736 Larvis
1697 692 1869 735 Libella-

348 765 435 794 rum
455 751 708 795 observarunt
728 750 984 808 Insectologi:
1026 750 1110 807 ipso
1131 765 1277 808 nempe
1294 765 1364 794 ore
1383 749 1444 794 seu
1461 751 1626 794 maxillis
1642 750 1871 794 emislili'nus

347 808 494 859 secura,
523 810 665 866 quibus
683 810 858 855 inhiant,
881 808 1116 853 animalcula
1132 810 1369 866 decipiendi.
1425 808 1551 852 Pisces
1569 809 1734 866 quidem
1751 810 1866 851 innu-

351 868 450 910 meri
469 869 656 912 interiora
679 869 759 911 oris
779 867 877 911 ossea
898 868 1019 918 labia,
1057 866 1135 911 sive
1157 868 1327 911 maxillas
1349 867 1622 910 m‘obiliffimas
1640 867 1872 910 diducendo

352 940 398 968 os
425 926 552 982 magis
570 927 749 970 minusve
768 928 1036 983 protendunt3
1076 926 1170 969 Imo
1189 926 1228 968 in
1248 926 1471 971 nonnullis,
1503 940 1537 967 V.
1552 940 1609 983 gr.
1631 926 1712 968 Zeo
1736 924 1870 967 Fabro
1938 981 1940 983 -

350 984 545 1041 (L'm.sp.
570 987 619 1039 3.)
639 988 674 1028 ὃ(
694 985 995 1042 congeneribus‘,
1031 984 1292 1041 Labrispecie
1313 999 1334 1027 a
1352 984 1661 1027 CATESBAEO
1682 982 1869 1036 (carolin.

346 1043 425 1084 vol.
445 1057 480 1086 2.
509 1044 590 1085 tab.
620 1058 683 1087 11.
705 1043 784 1100 fig.
811 1047 901 1097 29.)
933 1043 1144 1087 delineata,
1194 1042 1468 1100 Uranofiopm
1518 1041 1682 1099 aliisque
1705 1055 1754 1084 os
1780 1039 1868 1084 satis

344 1101 464 1158 longe
481 1103 719 1156 producitur
738 1102 786 1145 ad
808 1102 1044 1157 captandam
1063 1100 1198 1144 escam,
1238 1103 1295 1145 At
1312 1102 1351 1143 in
1371 1101 1476 1143 nulla
1494 1097 1608 1143 facile
1627 1099 1873 1145 Natatilium

344 1157 468 1214 specie
486 1160 525 1198 in
545 1171 673 1200 tantae
694 1160 957 1212 longitudinis
975 1158 1142 1204 tubum,
1175 1173 1251 1215 pro
1273 1159 1402 1202 lubitu
1430 1158 1545 1215 piscis
1568 1156 1771 1201 emissilem
1797 1167 1865 1200 aut

343 1214 595 1264 retraffiletn,
625 1212 802 1258 effinum
820 1212 1027 1269 hucusque
1044 1213 1142 1261 vidi,
1173 1226 1292 1268 quam
1308 1219 1349 1254 in
1365 1216 1546 1268 singulari
1562 1216 1626 1257 illa
1642 1214 1768 1270 Spari'
1784 1215 1866 1272 spe·

343 1273 415 1322 cie,
444 1271 554 1325 cujus
573 1272 638 1314 bic
656 1273 817 1314 iconem
836 1273 872 1313 ἃ
888 1270 1192 1325 descriptionem
1210 1276 1417 1326 propono,
1449 1269 1497 1312 ad
1513 1268 1786 1314 confirmanda
1805 1285 1867 1317 ea,

343 1344 442 1388 quae
458 1331 561 1373 circa
580 1330 685 1372 hanc
701 1328 824 1384 ipsam
843 1327 1074 1384 singularem
1093 1328 1176 1369 oris
1191 1328 1232 1369 in
1250 1342 1300 1370 eo
1318 1327 1419 1382 pisce
1438 1328 1646 1378 fabricam,
1676 1330 1862 1372 modurn-

341 1403 418 1445 que
446 1401 528 1444 quo
556 1388 740 1444 praedam
765 1386 938 1441 decipit,
983 1384 1173 1440 adscripta
1198 1385 1424 1428 invenimus
1451 1386 1658 1429 iconismis
1685 1385 1863 1443 ejusdem

340 1449 440 1490 inter
461 1445 624 1489 famosas
642 1445 724 1487 illas
743 1444 1029 1486 Reum-dianas
1047 1444 1217 1499 pieturas
1231 1443 1544 1487 occurrentibus,
1742 1442 1743 1445 ’

460 1504 651 1560 Duplices
667 1503 769 1545 inter
788 1502 856 1546 has
875 1502 986 1558 Spari
1006 1500 1128 1543 nostri
1145 1499 1291 1544 exstant
1309 1501 1467 1550 icones,
1500 1497 1638 1545 colore
1664 1499 1862 1545 diverfiffi-

344 1576 449 1609 mae,
488 1575 654 1617 quarum
682 1573 816 1604 tamen
844 1572 1004 1603 neutrae
1030 1573 1124 1602 cum
1153 1558 1281 1603 siccati
1316 1556 1437 1602 nostri
1468 1557 1690 1615 speciminis
1721 1560 1863 1604 colore

341 1620 597 1663 conveniunt.
655 1620 698 1661 ln
718 1620 856 1674 primo
883 1617 1026 1662 scilicet
1052 1616 1184 1672 operis
1212 1617 1320 1673 supra
1339 1617 1460 1669 citati¹
1476 1617 1681 1660 volumine
1693 1617 1773 1671 fol.
1796 1632 1863 1672 42.

343 1691 452 1720 mam.
472 1693 560 1731 209.
579 1691 675 1722 210.
700 1679 784 1720 duo
806 1676 909 1726 sunt,
936 1676 1054 1719 altera
1074 1674 1231 1725 emisso,
1267 1676 1382 1719 altera
1399 1676 1568 1718 serrano
1584 1675 1730 1723 rostro,
1768 1689 1859 1719 cor-

344 1750 442 1793 pore
463 1735 595 1781 fusco,
625 1735 821 1790 adscripto
839 1735 1005 1777 nomine
1021 1735 1246 1789 deceptoris
1265 1733 1345 1787 (Le
1369 1733 1604 1791 Trompem,
1636 1735 1683 1775 de
1700 1732 1859 1776 Beclrie-

339 1796 453 1850 ger).
515 1793 674 1836 Deinde
686 1793 859 1848 secundi
880 1793 1103 1835 volmm'vis
1113 1790 1192 1847 foL
1211 1808 1248 1847 4.
1274 1790 1477 1849 7m771=¹13s
1494 1794 1530 1834 ἃ
1543 1791 1623 1846 fol.
1647 1805 1698 1844 17.
1735 1806 1774 1833 n.
1794 1803 1857 1839 18.

341 1854 426 1895 duo
446 1851 539 1894 aliae
558 1850 665 1901 sunt,
690 1851 827 1893 itidem
848 1853 1017 1894 retrafflo
1032 1851 1168 1900 altera,
1201 1851 1401 1907 alteraque>
1416 1848 1552 1892 emisso
1575 1848 1721 1898 rostro,
1751 1851 1858 1893 rubri

342 1909 464 1952 ambo
487 1908 654 1958 coloris,
684 1921 781 1950 cum
807 1908 889 1951 hoc
905 1908 1045 1952 titulo:
1085 1909 1238 1963 Paffiw,
1277 1909 1313 1951 le
1336 1909 1466 1950 Filou.
1539 1906 1771 1963 Adscriptae
1793 1908 1858 1950 his

341 1967 524 2010 iconibus
549 1967 709 2009 notulae
732 1967 896 2012 docent,
931 1966 1062 2017 „hunc
1078 1966 1222 2022 piscem
1251 1967 1290 2009 in
1307 1966 1433 2009 fundo
1453 1980 1640 2022 aquarum
1662 1965 1855 2008 immobi-

339 2024 441 2074 „lem
469 2023 661 2081 pisciculis
677 2025 838 2081 aliisque
863 2023 1047 2072 insidiari,
1077 2038 1176 2080 quae
1195 2024 1320 2068 subito
1337 2023 1475 2068 emisso
1494 2023 1643 2069 rostro,
1673 2023 1741 2065 ubi
1760 2037 1853 2079 pro-

339 2084 455 2140 „pius
468 2082 708 2133 accesserint,
739 2081 995 2138 inopinantes
1011 2083 1187 2137 corripit.
1197 2118 1215 2138 ἐς

455 2139 684 2183 Occurrunt
712 2152 841 2184 autem
860 2173 869 2190 ,
908 2152 1066 2196 praeter.
1099 2139 1209 2190 istas,
1251 2138 1449 2184 distinElae
1478 2137 1595 2192 hujus
1624 2135 1737 2194 piscis
1766 2137 1851 2182 ico-

335 2211 405 2242 nes
421 2197 538 2243 etiam
556 2200 660 2255 apud
688 2199 854 2242 HENR.
883 2199 918 2241 R
932 2211 1179 2244 vvscfflvM
1211 2200 1388 2253 <theatin
1411 2196 1578 2241 animal.
1604 2196 1683 2239 vol.
1701 2195 1732 2238 I.
1748 2207 1790 2253 p.
1810 2211 1849 2298 Ξ.

1764 2265 1809 2298 ta
1835 2286 1845 2299 0
