1998 2701
686 183 846 241 2³00&
964 187 1177 237 (υ)
1295 185 1455 242 ’Ξῑησέἔ

325 311 431 341 mus.
491 293 658 337 Harum
675 292 818 335 avium
835 306 986 334 omnes
999 289 1148 349 quibus
1167 303 1346 335 externe
1362 292 1597 351 plumarum
1618 293 1825 337 luxurian-

324 358 430 399 tium
453 354 494 395 in
510 352 668 395 vertice
686 363 856 394 ornatus
871 348 1051 399 acceffit‚
1083 351 1210 393 etiam
1228 351 1493 409 callostzmsub
1510 364 1597 395 cute
1610 356 1827 410 pinguedi-

324 416 387 456 nis
403 411 568 466 maffizm
589 408 819 458 exhibent,
850 425 957 469 quae
979 410 1154 452 minime
1181 410 1376 452 naturalis
1402 411 1582 458 videtur,
1640 411 1735 454 Imo
1752 410 1829 455 has

323 470 631 529 corruptiones,
662 466 689 510 fi
715 467 766 512 ab
787 467 1087 527 ornithophilis
1114 468 1304 510 colantur
1341 468 1385 511 62
1409 470 1603 512 animalia
1620 469 1828 529 utriusque

322 529 446 573 sexus
497 525 727 586 insignibus
762 527 889 570 cristis
923 531 1092 580 jamjam
1129 527 1317 584 praedita
1347 531 1592 587 jungantur,
1642 530 1683 570 in
1739 529 1829 572 tole

324 587 523 632 morbum
541 587 686 645 augeri
701 584 746 629 ὗε
765 586 886 629 calvo
909 585 979 628 vel
1004 583 1189 628 ulceroso
1217 586 1351 644 capite
1378 585 1531 630 foedos
1554 587 1691 646 pullos
1723 587 1829 646 ’aepe

325 646 521 707 produci,
549 645 739 688 maxime
762 645 805 687 in
821 644 1025 693 Canariis,
1041 642 1308 687 observatum
1327 643 1396 687 est.

442 747 491 790 In
517 746 628 789 nulla
651 743 972 789 domesticarum
1007 744 1229 787 voluerum
1267 741 1402 803 specie
1444 745 1544 788 illud
1576 757 1748 789 naturae
1770 747 1831 789 vi-

324 807 430 849 tium
447 821 521 864 per
543 806 744 848 culturam
759 802 890 846 hodie
909 804 1044 862 magis
1061 803 1285 852 increbuit,
1316 818 1442 862 quam
1460 805 1502 846 in
1515 805 1748 847 Gallinaceo
1758 820 1830 863 ge-

325 880 438 908 nere.
500 863 630 908 Vario
652 875 794 906 tamen
809 861 956 904 itidem
974 862 1106 920 gradu
1124 860 1334 904 observari
1360 861 1473 905 solet.
1534 861 1717 905 Nonnisi
1737 874 1830 919 par-

325 938 402 966 vae
425 921 575 965 scilicet
593 922 803 964 laxiorum
816 921 1050 976 plumarum
1066 920 1255 968 corollae,
1287 935 1400 978 pone
1425 918 1638 963 carnosam
1657 921 1832 971 cristam,

323 982 368 1025 in
383 982 541 1025 vertice
560 981 630 1023 vel
646 980 825 1037 occipite
843 976 977 1021 adesse
994 979 1203 1037 plerisque
1222 976 1374 1026 solent;
1405 978 1450 1021 ἀ
1470 978 1551 1021 hae
1563 979 1667 1021 nihil
1685 980 1727 1021 in
1748 995 1834 1023 cra»

326 1043 394 1083 nio
412 1040 508 1095 oſjko
524 1038 673 1081 inleliti
690 1036 917 1086 exhibent,
945 1049 1108 1079 tantum
1132 1035 1244 1079 adest
1263 1037 1468 1095 adiposttm
1486 1038 1701 1094 pulvinar,
1716 1037 1833 1098 quod

327 1100 534 1143 verticem
551 1109 732 1141 externe
749 1094 1095 1156 protuberantem
1112 1095 1261 1138 reddit.

444 1199 506 1243 At
522 1196 672 1258 quibus
689 1194 864 1240 succeffu
886 1196 1208 1255 generationum
1232 1194 1316 1239 hoc
1345 1208 1522 1254 augetur
1539 1196 1714 1246 vitium,
1745 1197 1832 1256 qui·

327 1257 405 1303 bus
419 1258 574 1316 largior
597 1272 621 1299 e
640 1257 798 1300 vertice
820 1255 961 1314 pluma
985 1253 1205 1303 enascitur,
1247 1255 1296 1297 iis
1319 1255 1493 1313 quidem
1515 1257 1730 1312 bregmata
1747 1259 1833 1309 jam

326 1316 491 1359 insolito
510 1315 642 1358 modo
668 1326 822 1357 tumere
840 1313 1054 1372 incipiunt.
1118 1313 1370 1355 Gallinaceos
1391 1328 1523 1355 mares
1546 1328 1760 1371 nunquam
1773 1314 1832 1356 ul-

328 1387 391 1418 tra
407 1374 520 1417 hunc
537 1374 765 1417 terminum
783 1371 999 1415 difformes
1028 1373 1218 1414 invenire
1233 1372 1373 1430 potui,
1402 1372 1597 1430 quamvis
1620 1369 1833 1414 laxiffimis

329 1433 495 1477 corollis
513 1432 675 1477 nobiles
697 1446 796 1474 eum
814 1432 856 1472 in
879 1429 1010 1473 finem
1025 1427 1321 1473 dissecaverim.
1383 1429 1456 1472 Est
1471 1428 1577 1472 haec
1593 1429 1759 1472 masculi
1777 1429 1833 1473 se-

328 1508 412 1536 xus
429 1493 472 1534 in
492 1489 689 1534 omnibus
709 1487 955 1532 animalibus
977 1504 1126 1548 praero
1161 1489 1292 1537 ativa,
1332 1500 1378 1531 ut
1401 1489 1547 1531 nativo
1577 1488 1733 1531 robore
1752 1487 1832 1531 for·

330 1552 410 1594 tius
436 1548 588 1593 resistat
618 1547 921 1592 mutationibus
952 1562 975 1590 e
998 1547 1127 1591 dome
1163 1548 1229 1590 ico
1267 1547 1381 1591 vitae
1416 1560 1574 1606 genere
1607 1543 1832 1590 neceffario

329 1608 528 1652 oriundis.

445 1708 604 1767 Longe
626 1707 742 1751 aliter
761 1707 803 1750 in
818 1706 993 1749 Gallinis
1010 1705 1169 1749 accidit.
1230 1704 1399 1748 Notum
1415 1705 1474 1749 est
1495 1720 1638 1749 earum
1657 1706 1834 1749 nonnul-

329 1767 388 1810 las
413 1767 626 1825 fasciculos
666 1767 902 1822 pllm-mrmn
932 1765 1063 1825 longe
1086 1765 1321 1814 maximo&
1357 1778 1588 1824 pugnoque
1637 1764 1833 1821 virgineo

329 1824 451 1884 saepe
495 1839 617 1884 pares
660 1825 703 1867 in
749 1824 907 1867 vertice
955 1838 1104 1884 gerere
1120 1855 1131 1872 ‚
1189 1821 1248 1867 ob
1293 1837 1454 1882 eosque
1498 1837 1522 1864 a
1567 1821 1734 1865 curiofis
1766 1837 1834 1865 co-

331 1883 557 1927 hortalium
575 1884 717 1926 avium
732 1881 959 1925 cultoribus
985 1883 1027 1924 in
1046 1881 1205 1925 deliciis
1227 1878 1384 1924 haberi.
1445 1880 1540 1924 Has
1555 1895 1659 1924 vero
1683 1895 1834 1924 omnes

332 1944 459 1985 cranii
478 1939 578 1985 ossei
599 1939 774 1989 morbo,
805 1955 915 1982 nunc
938 1944 1094 1993 majore
1117 1955 1227 1982 nunc
1255 1940 1420 1982 minore
1452 1938 1605 1998 gradu,
1643 1938 1832 1982 laborare

333 1999 564 2044 observavi.
644 2000 733 2042 olla
764 2013 920 2057 nempe
950 2001 1083 2041 cranii
1111 1996 1284 2056 superne
1309 1999 1350 2040 in
1381 1998 1518 2052 testam
1547 1996 1834 2055 haemisphae-

334 2059 483 2106 ticam,
517 2058 641 2101 variis
646 2058 919 2113 formninult's
943 2054 1171 2115 pertusam,
1201 2056 1246 2098 <xc
1267 2053 1380 2115 quasi
1402 2071 1426 2099 e
1452 2056 1561 2098 carie
1585 2056 1670 2098 anti
1704 2070 1755 2098 ua
1777 2053 1833 2098 sa-

334 2129 498 2165 natam,
529 2116 695 2160 dilatata
707 2114 788 2159 effe
805 2115 926 2163 solet3
958 2129 1086 2175 quae,
1113 2130 1199 2175 quo
1218 2119 1369 2168 major,
1395 2129 1448 2157 eo
1470 2113 1678 2156 foraminu
1696 2114 1834 2156 entior

334 2176 553 2235 magisque
570 2173 695 2218 exesa
712 2175 780 2218 est.
851 2175 1065 2217 Cerebrmn
1088 2186 1253 2233 praeter
1278 2187 1444 2216 morem
1472 2172 1685 2216 luxurians
1711 2171 1833 2273 lngus

1705 2242 1748 2274 te
1784 2245 1833 2273 ae
