1998 2701
779 205 938 260 Qcssff
1055 206 1074 258 s
1108 207 1157 247 16
1190 207 1207 259 )
1316 207 1475 263 ’Ξῆἂῖ

393 319 543 358 oriatur
560 313 709 353 ventris
737 310 976 366 amplitude,
1007 310 1220 367 pressoque
1236 325 1407 374 corpore
1427 313 1540 359 urina
1559 325 1632 366 per
1648 327 1771 356 anum
1790 329 1884 364 ¹curn

394 377 545 424 impetu
565 367 728 420 exsiliat,
770 366 883 423 quod
912 368 949 408 in
976 367 1085 408 nullo
1110 367 1212 423 pisce
1240 368 1494 409 observatum
1522 365 1634 408 fuisse
1660 369 1745 412 scio.
1833 372 1886 413 Et

390 428 485 468 haec
503 423 670 466 fortaffis
698 424 845 466 vesicae
860 423 1102 480 amplitudo,
1136 435 1183 465 ut
1201 426 1241 466 in
1269 424 1431 480 reliquis
1452 422 1622 479 piscibus
1640 424 1745 467 huila
1762 433 1887 480 aerea,

387 480 687 537 aequilibrando
706 481 866 535 corpori
893 480 1078 522 destinata
1100 480 1165 521 est.

496 553 668 595 Ridicula
695 554 750 594 est
777 552 988 608 gentilium
1020 551 1310 594 Kamtschatcae
1328 554 1368 594 in
1386 552 1497 595 hunc
1514 553 1658 609 piscem
1684 553 1885 608 accusatio,

389 611 488 653 dum
506 610 616 651 illum
636 608 889 650 libidinosum
919 620 958 649 et
978 607 1245 649 incestuosum
1277 621 1442 661 vocant,
1471 612 1566 664 quia
1583 611 1706 652 oculis
1733 610 1887 653 sursum

390 667 532 718 versis,
559 665 775 707 secundum
797 664 918 719 ipsos,
948 666 1295 719 praetereuntium
1312 667 1362 706 'in
1390 665 1519 707 littore
1544 663 1785 708 feminarum
1815 666 1886 708 sub

390 737 483 778 toga
510 722 691 764 sacellum
712 721 875 762 lustrare
897 720 1070 775 cupidus
1090 732 1130 761 et
1149 733 1307 776 paratus
1331 720 1485 776 semper
1501 721 1554 763 sit.
1636 723 1804 764 Nomen
1823 736 1888 764 au-

391 793 491 832 tem,
521 792 606 834 quo
628 778 741 819 illum
770 777 989 833 appellant,
1024 776 1212 832 Daechpu
1235 777 1475 819 STELLERVS
1507 777 1665 835 scripsit.

501 851 662 892 Siccum
699 849 931 905 Cyclopteri
959 849 1078 893 nostri
1097 849 1329 905 exemplum
1351 849 1462 905 quod
1482 851 1520 891 in
1532 850 1672 906 Musto
1690 850 1886 904 Petropo-

391 907 511 949 lisano
529 906 609 947 dixi
630 906 724 958 effe,
753 920 774 947 a
796 907 1002 960 Chirurgo
1025 905 1202 960 quodam
1233 906 1450 948 STELLERO
1484 907 1684 960 oblatum,
1716 908 1769 947 ob
1788 909 1888 948 Ace-

390 964 514 1005 tabuli
536 976 774 1018 compagem
801 963 1005 1004 siccatione
1024 961 1276 1017 conspicuam
1312 961 1526 1013 redditam,
1566 963 1616 1003 ab
1643 962 1786 1003 eodem
1811 974 1896 1015 prov

391 1018 540 1060 diversa
559 1017 683 1072 specie
710 1018 888 1059 habitum
909 1016 1008 1071 fuit3
1036 1017 1266 1072 praesertim
1297 1016 1410 1070 quod
1434 1017 1548 1057 simul
1578 1015 1767 1059 retulisset
1792 1015 1888 1057 Chi-

389 1087 541 1129 rurgus
566 1073 772 1115 Insulanus
790 1073 947 1115 Kurilos
975 1086 1061 1114 uno
1085 1085 1155 1114 ore
1173 1071 1403 1124 adfirmare,
1432 1071 1482 1113 ad
1502 1073 1710 1128 ingentem
1733 1084 1772 1113 et
1802 1069 1888 1112 fere

391 1141 586 1172 eetaceam
607 1129 924 1181 magnitudinem
939 1128 1050 1164 hune
1068 1127 1214 1178 piscem
1233 1128 1482 1180 excrescere,
1512 1140 1552 1170 et
1581 1142 1604 1169 a
1632 1127 1888 1185 piscatoribus

392 1184 509 1227 valde
528 1183 675 1234 timeri,
704 1180 817 1236 quod
835 1177 1031 1234 navigiola
1050 1190 1230 1219 evertere
1248 1177 1376 1219 soleat.
1433 1185 1488 1218 Et
1516 1183 1614 1222 haee
1644 1184 1809 1236 quidem
1833 1180 1889 1224 fa-

392 1239 527 1283 bulosa
554 1238 629 1280 effe
653 1251 733 1278 non
769 1235 1089 1287 adfirmaverim3
1129 1232 1169 1273 id
1196 1246 1295 1273 vero
1325 1244 1435 1274 certo
1470 1232 1565 1284 scio,
1605 1236 1750 1279 siccum
1786 1237 1890 1279 istud

394 1298 590 1353 specimen
608 1307 703 1334 vere
721 1292 796 1334 effe
822 1289 1043 1347 Cyclopteri
1068 1287 1286 1351 ventriwffi
1310 1287 1424 1339 cujus
1442 1286 1572 1330 forma
1600 1304 1639 1332 et
1665 1304 1795 1346 partes
1824 1305 1890 1333 ex-

394 1366 526 1396 ternae
544 1350 747 1447 fidccatione
765 1348 967 1403 insigniter
991 1356 1166 1386 mutatae
1195 1344 1361 1398 quidem
1395 1344 1505 1398 sunt,
1536 1345 1621 1392 satis
1651 1360 1783 1390 tamen
1808 1347 1889 1403 spe-

396 1411 497 1452 ciem
517 1408 556 1448 in
586 1407 699 1448 icant.

852 1540 1427 1594 DESCRIPTIO

663 1648 933 1702 CVCLOP
943 1648 1124 1701 TER]
1189 1648 1245 1698 V
1239 1646 1355 1698 EN
1356 1645 1628 1700 TRICOSI.

935 1749 1030 1793 Tah.
1049 1747 1111 1792 II.
1139 1748 1217 1804 fig.
1244 1746 1268 1792 '1
1285 1760 1358 1804 -3-

395 1812 687 1918 biagnitudo
708 1863 861 1905 circiter
879 1863 1037 1918 pedalis.
1095 1860 1226 1904 Facies
1242 1859 1327 1903 fere
1347 1861 1556 1913 Mustelae,
1583 1860 1652 1901 nisi
1674 1860 1784 1916 quod
1795 1872 1885 1903 ven-

400 1921 660 1963 tricofiffimus
679 1919 734 1961 fit.
795 1916 948 1972 Corpus
972 1918 1241 1974 alepidotum,
1277 1916 1652 1972 mucosum‚,d0rso
1671 1917 1885 1973 planiuscu-

400 1978 464 2032 103
494 1976 615 2018 cauda
641 1976 729 2032 post
763 1988 886 2016 anum
921 1975 1048 2018 subito
1075 1975 1296 2017 adtenuata.

510 2049 640 2102 Caput
666 2047 853 2100 crassum,
890 2063 1060 2105 corpore
1093 2047 1274 2101 strictius,
1310 2046 1647 2100 subeuboideum,
1692 2045 1884 2101 retusum,

401 2104 856 2165 verticeplaniuseulum.
1787 2156 1824 2199 O
1858 2155 1867 2164 Ο

1826 2171 1886 2198 rts
