1998 2701
789 218 950 276 Ὦνὴᾱέ
1062 222 1209 274 (38)
1319 221 1478 279 '2⁵⁷0AE

388 342 495 379 mus,
541 325 786 381 alepidotus,
828 323 945 380 supra
965 339 1192 376 convexus,
1228 326 1366 370 subtus
1388 329 1518 371 obiter
1543 329 1818 372 canaliculatus
1839 343 1876 374 et

384 384 507 438 raphe
530 382 616 423 alba
637 394 814 431 notatus,
843 394 1024 424 extremo
1051 384 1092 424 in
1118 396 1347 426 ramentum
1367 384 1503 426 sensim
1521 387 1799 439 tenuilfimum,
1827 387 1877 428 al-

381 442 479 481 bum
504 438 749 480 adtenuatus.
805 438 913 480 Pone
931 438 1040 481 hunc
1060 438 1258 492 ciri-hum,
1287 441 1454 482 mirabili
1476 454 1638 483 naturae
1656 442 1752 494 lusu,
1782 442 1877 484 dor·

379 496 466 536 sum
488 494 733 550 alepidotum
750 506 789 536 et
808 494 1146 548 longitudinaliter
1159 495 1340 551 depresso
1352 497 1626 552 biangulatum
1644 497 1709 544 est,
1737 498 1876 540 versus

377 564 597 595 extremam
613 550 779 592 caudam
803 549 939 591 senfim
956 552 994 591 in
1022 550 1174 592 sulcum
1201 551 1449 606 longitudine
1470 554 1636 594 ramenti
1667 551 1874 595 inter'duo

378 610 631 663 squamarum
647 605 807 647 ordines
823 605 1085 648 contractum.
1142 606 1304 649 Diceres
1333 608 1510 650 cirrhum
1529 609 1638 664 quasi
1676 622 1698 648 e
1715 608 1872 651 summo

376 662 492 705 dorso
510 661 846 718 longitudinaliter
864 660 1067 704 exsefi‘cum
1093 659 1226 715 fuisse,
1265 663 1401 706 exafite
1429 665 1535 706 enim
1568 667 1608 706 in
1636 663 1739 705 dorsi
1766 664 1873 710 lacu-

376 733 468 760 nam
496 729 535 760 et
561 718 714 761 sulcum
741 716 933 774 quadrat,
990 730 1030 760 et
1076 717 1148 761 ubi
1181 718 1304 761 cauda
1344 719 1519 773 albescit,
1565 720 1670 762 albet
1705 733 1871 774 quoque

374 774 541 817 cirrhus.

468 856 604 899 Gauda
622 857 723 899 ultra
738 858 899 912 pinnam
926 859 988 899 ani
1018 856 1392 914 compresso-plana,
1438 859 1590 901 linearis
1618 858 1867 915 producitur,

373 914 572 968 pinnaque
598 914 850 964 terminatur,
880 913 992 968 quod
1012 916 1049 953 in
1071 914 1181 955 nullo
1201 914 1422 968 Gymnoto.
1472 914 1604 956 Pinna
1620 928 1753 971 parva,
1776 927 1866 955 ova-

374 981 431 1017 ta,
453 970 658 1011 radiorum
678 983 742 1010 20.
763 979 801 1009 et
820 968 940 1022 ultra,
970 969 1155 1022 exilium,
1183 969 1446 1012 ramosorum.

478 1052 636 1105 Corpus
659 1051 794 1092 subtus
813 1052 1046 1098 cultratum‚
1076 1052 1157 1092 acie
1181 1054 1408 1106 marginata.
1497 1049 1622 1092 Linea
1644 1050 1818 1092 lateralis
1842 1052 1866 1094 a²

368 1108 497 1149 nucha
514 1109 649 1160 incipit
666 1106 759 1147 serie
784 1120 980 1161 pororum
998 1106 1230 1161 insignium,
1251 1121 1355 1162 quae
1382 1108 1420 1147 in
1439 1106 1586 1162 angulo
1613 1105 1729 1162 supra
1753 1120 1867 1162 aper-⁴¹

370 1176 501 1208 turam
522 1160 787 1202 branchialem
805 1161 1004 1212 alepidoto
1021 1161 1238 1210 descendit3
1265 1162 1409 1213 dehinc
1438 1162 1555 1204 dorso
1575 1162 1700 1218 usque
1725 1163 1763 1203 in
1797 1176 1861 1205 ex-

371 1231 544 1259 tremum
585 1214 733 1258 caudae
766 1212 945 1268 parallel-a
981 1212 1177 1263 decurrit,
1230 1213 1408 1254 constans
1436 1219 1605 1267 squamis
1631 1217 1861 1272 majoribus,

370 1272 502 1313 medio
520 1273 619 1313 linea
637 1270 806 1322 elevata,
843 1269 953 1323 apice
974 1265 1148 1323 porifera
1173 1268 1325 1309 notatis,
1392 1266 1585 1322 squamae
1621 1273 1742 1312 totius
1776 1286 1861 1313 cor-

370 1329 477 1383 poris
502 1325 755 1374 rotundatae,
798 1324 847 1364 ad
876 1325 1016 1364 lineam
1050 1322 1247 1364 lateralem
1291 1326 1311 1373 ζ
1322 1325 1494 1365 maxime
1530 1322 1630 1365 infra
1658 1326 1861 1379 eandem)

368 1382 555 1436 majores,
594 1383 633 1422 in
659 1377 774 1421 dorso
799 1379 1007 1430 minimae,
1040 1378 1080 1419 in
1106 1378 1234 1418 carina
1262 1378 1483 1420 abdominis
1504 1379 1857 1423 deorsum-imbri-

368 1452 485 1481 catae.
977 1482 979 1484 ,

481 1520 599 1564 Color
620 1520 798 1576 corporis
815 1526 909 1570 ater,
938 1518 1066 1572 capiti,
1091 1529 1309 1572 quousque
1327 1517 1592 1574 alepidotum,
1630 1517 1853 1561 canescens:

364 1578 484 1634 [nstin
500 1577 619 1619 lactea
635 1577 685 1618 ab
703 1572 899 1617 inferioris
917 1573 1094 1615 maxillae
1114 1573 1224 1630 apice
1250 1575 1457 1629 incipiens,
1499 1574 1614 1630 supra
1643 1586 1715 1628 per
1733 1586 1853 1640 caput

359 1628 678 1690 ‘longitudinaliffi
707 1630 756 1673 ad
776 1629 948 1671 nucham
964 1628 1221 1682 adtenuatur‚
1250 1642 1290 1671 et
1310 1630 1462 1671 linearis
1481 1629 1640 1671 dimidia
1668 1628 1751 1670 fere
1779 1632 1854 1683 pif-

367 1695 417 1734 εἰς
440 1689 690 1746 longitudine
713 1688 939 1730 continuata
966 1685 1103 1728 sensim
1126 1685 1337 1740 evanescit,
1375 1687 1476 1728 inter
1493 1686 1576 1728 duo
1594 1685 1848 1741 squamarum

366 1749 475 1790 {eries
505 1746 653 1802 glabra.

466 1828 602 1871 Cauda
622 1841 715 1870 cum
731 1825 1027 1882 sesquipollicari
1045 1836 1157 1880 parte
1186 1825 1350 1866 ramenti
1378 1823 1534 1866 dorsalis
1560 1834 1601 1865 et
1619 1825 1762 1879 pinnae
1782 1826 1849 1864 ani*

362 1887 460 1938 ¹alba,
488 1885 589 1927 ultra
610 1886 772 1939 pinnam
788 1884 849 1924 ani
868 1881 1001 1923 denuo
1019 1879 1145 1934 fusca;
1174 1893 1354 1922 extremo
1365 1893 1509 1932 autem,
1531 1886 1626 1921 eum
1642 1879 1761 1940 pinna
1772 1891 1848 1919 ter-·

366 1942 504 1990 mimali,
522 1944 667 1983 iterum
685 1939 771 1983 alba
785 1968 797 1988 ‚
821 1952 910 1981 area
934 1950 1087 1982 tantum
1104 1937 1153 1980 ad
1171 1936 1276 1979 basin
1291 1938 1434 1992 pinnae
1459 1935 1672 1979 transversa
1690 1932 1807 1976 fusca⁴

1655 2133 1841 2192 MEN-
