1998 2701
130 299 211 341 tab.
235 313 268 342 2.
293 312 333 340 71.
351 301 404 352 6)
431 298 500 355 qui
517 298 692 354 Sparum
711 296 887 341 nostrum
907 298 1052 354 magni
1067 296 1294 352 Imposioris
1309 302 1473 355 (groote
1489 299 1647 347 Bedm‘ef

126 361 222 413 ger)
241 360 405 399 nornine
423 368 551 405 notan
584 358 779 411 itemque,
810 361 851 398 ni
871 357 997 405 fallor,
1026 358 1130 411 apud
1150 358 1443 401 VALENTYN
1456 374 1520 401 VM
1538 361 1644 413 (Iud.

131 417 358 472 nov-antiq.
379 415 459 458 vol.
477 415 550 458 III.
564 424 606 470 p.
629 424 721 467 384.
743 428 781 455 η.
803 416 911 469 122.)
931 414 1041 468 cujus
1052 415 1328 470 Megastomm
1346 415 1651 476 (Gr-ootfinoet)

128 474 333 517 obscurius
350 473 588 528 descriptus,
615 472 786 514 eundem
809 472 985 515 nostrum
1004 470 1216 527 significare
1238 473 1404 517 videtur.

244 531 401 574 Deinde
419 532 457 573 in
477 531 715 585 pium-arum
738 530 959 575 Indicarum
980 529 1208 586 Fasticuhs,
1252 546 1356 588 quos
1375 534 1480 589 apud
1500 534 1647 579 Curio-

128 587 189 631 sos
213 590 345 644 paffim
372 589 616 645 perlustravi,
650 591 686 629 δ(
715 588 781 629 ubi
808 587 929 631 rubro
951 588 1102 643 semper
1124 590 1261 632 colore
1283 590 1449 645 Sparum
1470 593 1648 637 nostrum

127 647 348 689 exhibitum
375 649 410 689 δε
439 647 605 688 nomine
627 645 855 702 Impostoris
871 648 1005 701 potius
1020 648 1140 691 rubri
1166 650 1304 701 (roode
1317 648 1558 706 Bedrieger)
1581 652 1647 694 de-

126 703 317 761 signatum
337 704 491 749 inveni,
521 705 622 747 varia
639 705 690 747 de
707 719 783 750 eo,
814 718 965 761 praeter
985 704 1095 762 supra
1115 706 1261 752 adlata,
1295 707 1437 750 inveni.
1460 706 1462 708 ’
1497 709 1645 753 Vivum

126 760 278 818 semper
298 764 420 805 dilute
438 762 600 805 rubrum
618 761 714 811 effe,
748 764 941 818 quaedam
959 765 1119 806 tradunt
1142 764 1393 822 apographa,
1436 780 1645 810 mortuum

125 818 321 863 fuscedine
338 821 485 874 imbui3
520 822 558 861 ln
577 820 659 862 aliis
674 820 961 874 exemplaribus
984 821 1137 870 inveni,
1166 835 1259 862 eum
1281 824 1389 877 saepe
1407 825 1454 865 ad
1475 824 1645 879 Carpio-

125 877 186 919 nis
209 879 357 919 molem
376 877 611 926 excrescere,
646 878 752 920 circa
777 876 942 920 Insulam
963 878 1104 921 Naffau
1127 879 1175 920 ad
1194 879 1416 922 Sumatram
1444 881 1644 935 imprimis

125 934 346 980 abundare,
383 937 419 977 &
444 936 628 985 conum,
666 937 858 990 varioque
883 936 1014 978 modo
1037 950 1217 992 paratum
1245 938 1288 979 in
1305 937 1432 993 epulis
1455 937 1643 981 adhiberi.

124 992 239 1035 Plura
267 994 320 1035 de
348 993 570 1035 admirandi
601 992 718 1047 hujus
741 994 855 1048 piscis
880 994 1016 1036 indole
1038 1009 1168 1051 neque
1191 994 1345 1044 rescire,
1386 1010 1514 1051 neque
1538 997 1645 1051 apud

0 1070 2 1074 ·
69 1094 73 1098 ,
125 1050 605 1107 Ichthyologos—prodita
629 1051 806 1094 invenire
829 1051 956 1107 potui.
1035 1051 1210 1095 Meretur
1235 1066 1371 1095 autem
1396 1054 1551 1109 utique,
1586 1055 1643 1098 ob

124 1110 208 1150 oris
239 1109 467 1166 fingularem
492 1109 738 1160 struanm,
786 1110 961 1162 meliori,
1000 1123 1123 1170 quam
1149 1109 1263 1169 supra
1289 1113 1423 1165 citata,
1466 1113 1585 1157 icone
1606 1115 1645 1157 &

122 1178 300 1212 accurata
318 1167 581 1226 descriptione
601 1166 790 1215 illustrari.

526 1276 1247 1330 DESCRIPTIO

347 1353 653 1423 SPARI
682 1349 1420 1425 *INSIDIATORIS

295 1485 297 1487 .
688 1446 800 1500 Tab.
830 1449 893 1499 V.
941 1448 1049 1516 Fz‘g.
1068 1464 1102 1499 l.

130 1542 305 1623 Corpus
327 1567 615 1624 compressum,
652 1567 917 1623 cyprinaceae
942 1566 1109 1624 figurae,
1150 1567 1425 1619 latiusculum‚‘
1458 1569 1638 1623 obesum,

124 1626 301 1682 squamis
323 1627 472 1681 magnis
487 1628 647 1668 teffium.
704 1627 826 1666 Anus
851 1627 890 1667 in
916 1625 1053 1667 medio
1077 1624 1157 1668 fere
1183 1626 1453 1682 longitudinis.
1512 1628 1641 1672 Linea

126 1684 312 1725 lateralis
338 1685 448 1738 prior
470 1683 586 1726 dorso
610 1683 878 1738 propinquior
909 1685 945 1724 ἃ
969 1682 1233 1738 ffibpamllela,
1266 1698 1390 1739 usque
1418 1685 1465 1727 ad
1496 1690 1641 1741 pinnae

126 1741 286 1785 dorsalis
311 1742 428 1783 finem
456 1741 642 1789 dedu&a;
677 1747 813 1783 altera
835 1739 903 1782 sub
933 1739 1012 1783 fine
1038 1742 1180 1796 prioris
1196 1741 1389 1798 incipiens
1412 1745 1448 1786 ἃ
1473 1758 1543 1800 per
1559 1758 1640 1788 me-

123 1800 228 1842 diam
249 1800 413 1841 caudam
431 1799 650 1841 decurrens.

244 1856 374 1912 Caput
397 1855 683 1913 compressum,
711 1855 882 1905 inerme,
910 1866 1049 1899 totum
1070 1854 1238 1914 squamis
1266 1858 1443 1915 magnis,
1473 1859 1530 1903 uti
1549 1873 1638 1904 cor-

127 1927 222 1971 pus,
252 1915 518 1956 imbricatum.
581 1914 694 1956 Oculi
710 1913 891 1957 laterales.

246 1972 300 2014 Os
316 1971 490 2021 emiffile‚
521 1971 769 2022 tubulosum,
797 1970 1076 2028 compressum,
1105 1971 1191 2028 ipso
1206 1973 1337 2029 capite
1361 1973 1532 2030 longius,
1562 1986 1638 2018 ter·

130 2030 323 2072 minatum
353 2030 517 2073 maxillis
543 2030 760 2085 bipartitis,
801 2032 978 2085 margine
1002 2029 1108 2073 offeo
1135 2032 1252 2073 nudis
1279 2044 1395 2087 atque
1412 2032 1635 2088 granuloso-

128 2089 397 2134 denticulatis3
430 2089 615 2130 (lentibus
629 2087 799 2143 singulae
817 2088 991 2133 duobus,
1021 2089 1060 2130 in
1081 2089 1229 2141 medic,
1256 2088 1487 2145 majoribus,
1514 2092 1637 2142 reffls,

130 2147 295 2189 conicis.
354 2147 600 2190 Membrana
621 2147 735 2190 crassa
756 2146 900 2190 tubum
920 2145 1084 2247 riprficit.
1461 2206 1493 2249 S
1532 2206 1547 2249 l
1573 2172 1577 2173 ν
1621 2169 1624 2170 ⁷

991 2218 1014 2248 2
1491 2221 1529 2249 ce
1546 2216 1639 2250 eton
