1998 2701
519 210 678 267 Qus&
790 212 939 267 (31)
1049 211 1209 267 Έῆκέἷ

134 316 338 360 stoiiditate
354 330 437 360 non
457 318 651 370 imbutae,
674 319 714 358 in
733 317 980 371 regionibusn
990 316 1193 373 populosis
1217 316 1417 374 adspectui
1446 317 1617 358 hominis

129 373 367 428 adsuefiunt‚
414 375 670 428 multumque
698 371 860 414 feritatis
895 372 1125 428 deponunt,
1171 388 1292 430 quam
1317 375 1358 414 in
1376 372 1514 414 iisdem
1531 371 1619 413 loca

128 429 273 470 inculta
292 442 332 471 et
348 430 495 472 deserta
514 428 821 471 inhabitantibus
841 429 1034 484 infignem
1053 428 1322 481 observamus,
1351 430 1457 471 itaut
1473 428 1527 469 ibi
1546 428 1615 469 vix

125 483 256 540 sclopo
274 485 422 542 adtingi
441 498 597 541 queant.

233 559 304 599 Ista
319 558 518 600 Anserum
540 571 703 615 captura
720 559 820 601 illius
838 561 1009 614 regionis
1029 559 1188 615 populis
1208 571 1354 613 magno
1384 556 1516 599 solatio
1546 555 1611 597 est.

125 612 266 670 Qum
299 616 404 658 enim
425 627 526 656 terra
553 616 605 666 ibi
623 628 782 656 aeterno
792 615 888 670 gelu
904 617 1049 670 rigeat,
1081 628 1213 670 neque
1231 614 1333 655 ultra
1354 613 1535 668 pedalem
1556 609 1611 651 fe-

121 682 166 709 re
184 668 497 723 profunditatem
514 671 751 723 resolvatur,
786 669 976 724 Anseres,
1012 684 1189 726 quorum
1213 683 1293 711 una
1318 668 1430 723 saepe
1469 665 1611 709 familia

120 724 300 766 millenos
326 738 398 780 per
415 726 598 768 aestatem
625 739 770 769 venatu
788 726 953 781 colligit,
981 728 1020 767 in
1038 725 1207 780 spatiosis
1232 738 1271 766 et
1297 723 1510 779 profundis
1537 721 1608 763 fos·

119 778 185 830 63,
206 779 455 834 deplumatos
475 795 596 837 atque
614 793 883 834 exenteratos‚
906 780 1118 822 confertim
1137 780 1341 831 collocant,
1373 791 1412 820 et
1430 779 1508 818 fine
1526 778 1607 818 ullo

117 835 294 888 tegmine
314 834 445 878 'effoffi
466 850 569 878 terra
589 839 805 879 cumulant.
873 834 1034 878 Constat
1058 837 1164 877 enim
1189 848 1351 876 omnem
1379 847 1549 888 penum,
1579 833 1606 872 fi

114 889 322 932 munditiei
340 891 449 933 causa
468 890 589 934 foeno
606 892 827 935 autfronde
845 893 1049 934 conteuti-s
1059 891 1199 943 fuerit,
1230 903 1442 944 antequam
1462 888 1604 929 obrua—

114 955 200 996 tur,
235 945 380 999 hyeme
397 949 554 1002 penitus
583 962 830 1004 corruptum,
850 960 888 989 et
910 947 1121 1003 putridum
1138 947 1315 1001 reperiri.
1403 944 1553 985 Contra
1580 943 1607 983 si

112 999 230 1040 nudis
248 1002 447 1044 anseribus
466 1004 620 1046 instrata
640 1003 762 1046 fuerit
782 1001 915 1045 effoffi
937 1016 1059 1055 terra,
1099 1005 1139 1042 in
1166 1001 1293 1052 fossis,
1336 1011 1507 1054 urgente
1547 997 1604 1039 fa-

111 1068 177 1095 me
209 1068 280 1096 aut
306 1057 379 1098 sub
409 1059 584 1113 hyemen
603 1061 758 1114 apertis,
789 1060 954 1114 collapfia
972 1060 1242 1100 anserinorum
1261 1055 1500 1099 cadaverum
1517 1054 1605 1094 stra-

110 1122 146 1150 ta
167 1123 206 1151 et
227 1113 426 1166 puriffima
448 1116 666 1166 inveniunt,
684 1118 929 1160 imminente
949 1111 1239 1165 terraffundique
1249 1112 1289 1149 in
1305 1108 1466 1150 fornicis
1477 1123 1601 1163 quan-

109 1164 200 1208 dam
231 1166 400 1220 speeiem
425 1169 639 1224 congelata.
1042 1162 1081 1211 ἑκ,
1494 1166 1503 1171 “

318 1342 320 1345 >
567 1290 1132 1364 nasoniano

279 1414 693 1471 ANSERIS
762 1413 1420 1469 HIJPERBOREL

101 1515 386 1613 Magnitudo
403 1560 505 1602 inter
524 1560 720 1603 Anserem
738 1554 872 1602 ferum
893 1560 1102 1615 vulgarem
1121 1571 1159 1600 et
1171 1543 1509 1614 erythropodem3
1522 1558 1591 1600 lta-

101 1614 207 1657 bitus
226 1617 462 1672 posterioris.
518 1616 679 1658 Pondus
695 1630 776 1658 non
806 1618 906 1658 ultra
931 1617 968 1655 V
989 1616 1116 1656 libras.

210 1688 391 1741 Rostrum
409 1688 653 1740 anserinum,
699 1688 778 1730 basi
807 1688 1118 1740 craffiusculum,
1157 1685 1272 1730 dorso
1305 1688 1586 1745 subangulato3

101 1747 345 1793 coccineum,
378 1745 529 1787 macula
551 1747 653 1787 inter
671 1756 795 1797 nares,
833 1758 972 1800 ungue
999 1744 1178 1785 maxillae
1201 1744 1433 1800 superioris,
1465 1759 1587 1800 angu-

100 1802 144 1842 lis
164 1801 262 1851 oris,
293 1813 332 1841 et
350 1801 528 1842 maxillae
545 1800 741 1843 inferioris
762 1814 844 1842 toto
861 1802 1037 1855 margine
1060 1801 1174 1855 nigro
1202 1802 1240 1840 in
1271 1799 1515 1855 junioribus3
1546 1801 1585 1841 in

97 1856 314 1897 senioribus
333 1854 530 1899 albicante.
556 1886 560 1889 -
585 1856 771 1900 Maxillae
792 1855 986 1900 inferioris
1008 1869 1144 1911 ungue
1170 1870 1303 1899 autem
1323 1858 1440 1899 etiam
1463 1858 1503 1898 in
1519 1855 1583 1910 ju-

98 1912 275 1954 nioribus
297 1912 498 1955 albicante.

204 1983 540 2040 Nan-eslinea-res,
571 1984 643 2030 {itu
661 1987 782 2030 solito.
840 1982 996 2044 Ζῐψζριια
1012 1999 1050 2029 et
1068 1986 1582 2030 serraturaerostriuti'vul-

93 2053 149 2097 go
173 2042 212 2084 in
229 2041 403 2084 anserino
422 2056 579 2099 genere.
637 2043 769 2086 lricles
785 2044 997 2088 oculorum
1029 2045 1069 2086 in
1096 2042 1197 2087 vivis
1221 2042 1473 2086 fuscoluteae.

1417 2150 1575 2207 Corpus
