1998 2701
519 251 681 310 sm&
795 252 1007 308 (31)
1122 245 1284 306 2⁵12ss

268 362 442 406 RnNsss
468 361 583 404 mole
600 360 719 419 grani
740 357 982 408 cannabini,
1011 356 1179 408 ovales,
1217 356 1330 398 intus
1355 368 1452 398 cavo
1477 351 1657 419 infungii-

156 420 369 466 buliformi
389 421 607 463 continent
626 420 821 475 papillmn
848 415 1090 465 solitariam,
1128 412 1568 462 conice-subulatam,
1597 425 1658 455 m-

154 478 328 538 signem.
395 479 528 532 Vesica
555 477 649 534 (fig.
668 494 706 532 9.
723 477 792 533 a.)
812 475 1000 535 parvula,
1027 471 1265 523 contra&a‚
1294 470 1511 516 lutescens.

270 561 474 605 TEsms
499 560 596 617 (fig.
619 561 779 614 9.b.c.)
804 557 986 618 insignes
1001 558 1048 602 ὅτ
1064 556 1219 600 minori
1236 554 1325 615 piso
1350 553 1570 614 aequales,
1598 552 1658 596 in-

156 621 311 664 teriore
334 619 462 662 latere
492 620 593 674 (litt.
616 620 683 674 h.)
753 618 954 667 laniores,
992 617 1125 660 altero
1158 616 1268 671 (litt.
1283 629 1312 657 c.
1314 615 1343 671 )
1372 610 1659 671 haemisphae-

161 680 236 721 rici
260 677 359 720 sunt.
421 678 669 733 Epididymis
687 634 979 736 sulbtriquetra,
1005 690 1052 718 ca
1083 675 1182 716 itata
1199 686 1325 732 atque
1343 672 1443 715 inde
1461 671 1660 714 adtenua-

158 748 210 779 ta.
272 736 431 778 Dustus
448 735 671 789 dcfi’rerztes
688 733 890 793 insignes,
912 734 1031 776 initio
1063 731 1325 789 erpentinuli.
1392 730 1588 783 Vesiculae
1603 727 1661 770 sem

157 794 335 837 minales
352 807 486 851 grano
503 792 605 833 milii
624 792 749 848 paulo
765 796 944 844 majores
955 823 966 839 ‚
1005 787 1300 850 subglobosae,
1338 789 1384 831 in
1406 785 1574 832 sinubus
1589 784 1662 830 sub

158 851 294 897 vesica
308 851 486 893 urinaria
510 848 718 907 insculptis
743 849 993 891 nidulantur.

277 933 464 987 Prostam
486 931 679 990 utrinque
707 942 803 974 ante
829 929 1011 974 veficam
1047 932 1077 987 ζ
1066 931 1145 987 fig.
1167 946 1206 983 9.
1235 929 1330 984 dd.)
1370 926 1662 986 subtriangula.

161 992 391 1034 Glandulae
408 990 692 1045 Cowpericmae
707 990 805 1047 (fig.
827 1006 866 1043 9.
883 1005 942 1032 10.
957 991 1039 1046 ee.)
1061 989 1114 1032 ad
1130 988 1315 1031 radicem
1329 987 1451 1046 penis
1468 984 1664 1044 insignes,

158 1048 350 1110 prostatis
367 1046 715 1106 aequiparandae.
1211 1053 1213 1057 ⁴

275 1131 439 1174 Pssms
468 1129 565 1187 (fig.
585 1146 622 1182 c).
646 1135 737 1183 10.)
764 1142 860 1173 ante
876 1129 1099 1189 prostatas,
1130 1126 1199 1172 seu
1221 1127 1390 1172 simulac
1405 1143 1430 1172 e
1449 1127 1563 1187 pelvi
1574 1141 1667 1186 pro·

161 1189 239 1233 diit
260 1190 376 1231 bulbo
409 1189 619 1245 mustuloso
647 1189 743 1244 (fig.
769 1206 808 1243 9.
831 1204 893 1232 10.
908 1189 989 1244 ffi)
1018 1202 1203 1246 magno,
1252 1185 1510 1245 subdidymo
1533 1186 1666 1244 viget.

163 1250 313 1303 Corpus
330 1247 542 1302 nervofimz
559 1245 861 1289 tenacillimum
875 1279 889 1296 ‚
911 1246 1192 1305 cylindricum
1205 1277 1217 1294 ‚
1253 1247 1525 1288 terminatum
1544 1245 1665 1300 glan-

161 1309 209 1348 de
224 1305 320 1362 (fig.
340 1321 378 1360 9.
406 1321 464 1347 10.
477 1306 581 1361 gg.)
598 1303 790 1364 oblongo
805 1305 1090 1363 -cylindracea
1102 1336 1114 1353 ‚
1139 1318 1247 1362 quae
1266 1304 1486 1363 praeputio
1504 1302 1667 1360 calycu-

159 1364 262 1412 lata,
285 1365 397 1405 intus
416 1375 506 1404 tota
523 1377 626 1405 cava
642 1362 719 1414 est,
753 1362 798 1405 <Sc
819 1378 906 1406 non
925 1375 1090 1406 tantum
1111 1361 1214 1404 laxo
1231 1363 1530 1421 crenulatoque
1555 1357 1666 1403 orifi-

157 1423 224 1465 cio
240 1420 338 1472 hiat,
369 1418 439 1463 sed
452 1419 591 1463 subtus
606 1421 736 1463 etiam
754 1421 849 1477 (fig.
865 1438 923 1464 10.
934 1424 1009 1478 g.)
1027 1420 1379 1480 longitudinalem
1393 1418 1573 1463 fissuram
1588 1432 1667 1462 ex·

161 1477 292 1523 hibet.
352 1478 472 1523 Citra
493 1478 694 1537 glandem
713 1491 855 1522 tamen
876 1481 1047 1522 zzrethra
1065 1475 1335 1522 contractior.

276 1560 424 1611 Quum
449 1562 664 1615 masculum
691 1562 989 1604 tantummodo
1022 1560 1232 1620 specimen
1263 1563 1397 1605 cultro
1424 1559 1665 1604 anatomico

157 1617 361 1719 suisiiffirs,
373 1618 545 1667 licuerit,
574 1619 628 1662 de
647 1618 897 1678 genitalibus
901 1621 1124 1675 femininis
1140 1620 1314 1663 internis
1332 1620 1448 1679 quod
1463 1631 1665 1662 moneam

159 1692 187 1720 n
217 1691 249 1720 11
310 1691 332 1718 a
365 1691 431 1719 eo.

273 1757 336 1802 L1
348 1773 488 1801 NGUA
515 1760 610 1816 (fig,
629 1762 697 1813 4.)
717 1761 927 1808 maxima,
960 1756 1165 1817 depressa,
1193 1757 1332 1803 subtus
1349 1759 1514 1819 glabra,
1545 1761 1663 1819 supra

162 1817 204 1859 in
228 1816 373 1859 medio
401 1815 588 1860 obsolete
614 1817 879 1860 canaliculata
905 1817 950 1859 dc
972 1819 1135 1873 papillis
1161 1817 1382 1870 mollibus,
1436 1818 1663 1863 bidentatIS

163 1873 389 1917 imbricata.
450 1875 547 1918 Hae
565 1874 703 1918 versus
720 1874 831 1918 basin
851 1874 1111 1934 insigniores,
1142 1877 1195 1918 ad
1213 1875 1360 1919 foffam
1377 1877 1564 1936 glottidis
1577 1877 1662 1921 senm

163 1931 238 1974 lim
258 1931 526 1974 obsolescunt.
587 1934 841 1976 Extremitas
868 1946 987 1976 acuta
1015 1934 1185 1993 linguae
1209 1932 1326 1993 supra
1345 1937 1506 1991 papillis
1528 1937 1662 1978 minu-

162 1989 338 2033 tioribus
355 1991 575 2054 gaudebat
590 1993 782 2050 utrinque
801 1992 855 2034 ad
872 1993 1034 2050 apicem
1052 1993 1179 2051 usque
1194 1990 1401 2036 fimbriata
1425 1992 1493 2038 seu
1512 1995 1659 2052 margi—

163 2063 263 2090 nem
298 2047 498 2104 hilpidata
522 2049 601 2097 est,
623 2050 770 2105 st’tult's
793 2051 1037 2108 geminatis,
1070 2050 1434 2101 recumbentibus'‚
1473 2053 1515 2095 in
1542 2051 1665 2096 ferles

163 2105 334 2164 oblique
352 2106 603 2148 transversas
630 2107 853 2149 confertim
879 2107 1102 2166 dispositis,
1142 2123 1250 2167 quae
1274 2110 1436 2168 papillis
1452 2109 1510 2155 ibi
1527 2111 1663 2157 succe-

165 2163 267 2205 dunt
285 2163 329 2206 ei:
351 2163 571 2206 retrorsum
600 2164 743 2206 sensim
771 2165 1050 2209 decrescendo
1080 2166 1342 2211 evanescunt.
1402 2168 1664 2229 Intelligetur

164 2219 247 2264 hoc
270 2222 474 2280 imprimis
501 2238 524 2266 e
540 2223 619 2280 fig.
636 2239 676 2274 5.
700 2238 783 2283 qua
805 2224 916 2269 lente
933 2222 1056 2270 auffl'ta
1081 2225 1330 2271 extremitas
1351 2225 1520 2286 linguae
1541 2230 1661 2274 exhi-

1526 2287 1658 2334 betur.
