<?xml version="1.0" encoding="UTF-8"?>
<!DOCTYPE html PUBLIC "-//W3C//DTD XHTML 1.0 Transitional//EN"
    "http://www.w3.org/TR/xhtml1/DTD/xhtml1-transitional.dtd">
<html xmlns="http://www.w3.org/1999/xhtml" xml:lang="en" lang="en">
 <head>
  <title>
</title>
<meta http-equiv="Content-Type" content="text/html;charset=utf-8" />
  <meta name='ocr-system' content='tesseract 3.04.00' />
  <meta name='ocr-capabilities' content='ocr_page ocr_carea ocr_par ocr_line ocrx_word'/>
</head>
<body>
  <div class='ocr_page' id='page_1' title='image "./spicilegiazoolog110pall_0340.png"; bbox 0 0 1998 2701; ppageno 0'>
   <div class='ocr_carea' id='block_1_1' title="bbox 653 179 1472 238">
    <p class='ocr_par' dir='ltr' id='par_1_1' title="bbox 653 179 1472 238">
     <span class='ocr_line' id='line_1_1' title="bbox 653 179 1472 238; baseline 0 0"><span class='ocrx_word' id='word_1_1' title='bbox 653 182 836 238; x_wconf 49' lang='lat' dir='ltr'><strong>Qu&amp;</strong></span> <span class='ocrx_word' id='word_1_2' title='bbox 957 181 1169 236; x_wconf 85' lang='lat'><em>(12)</em></span> <span class='ocrx_word' id='word_1_3' title='bbox 1283 179 1472 238; x_wconf 43' lang='grc' dir='ltr'><strong>’ΜΨ</strong></span> 
     </span>
    </p>
   </div>
   <div class='ocr_carea' id='block_1_2' title="bbox 258 279 1874 1382">
    <p class='ocr_par' dir='ltr' id='par_1_2' title="bbox 303 279 1827 735">
     <span class='ocr_line' id='line_1_2' title="bbox 309 279 1820 339; baseline -0.005 -5"><span class='ocrx_word' id='word_1_4' title='bbox 309 305 357 334; x_wconf 87' lang='lat' dir='ltr'><strong>ex</strong></span> <span class='ocrx_word' id='word_1_5' title='bbox 375 302 450 331; x_wconf 88' lang='lat' dir='ltr'><strong>una</strong></span> <span class='ocrx_word' id='word_1_6' title='bbox 468 285 576 338; x_wconf 85' lang='lat' dir='ltr'>saepe</span> <span class='ocrx_word' id='word_1_7' title='bbox 592 280 685 325; x_wconf 83' lang='lat' dir='ltr'><strong>foffa</strong></span> <span class='ocrx_word' id='word_1_8' title='bbox 707 281 749 323; x_wconf 86' lang='lat' dir='ltr'><strong>in</strong></span> <span class='ocrx_word' id='word_1_9' title='bbox 775 280 890 324; x_wconf 89' lang='lat' dir='ltr'><strong>aliam</strong></span> <span class='ocrx_word' id='word_1_10' title='bbox 914 279 1144 334; x_wconf 78' lang='lat' dir='ltr'><strong>transiliat),</strong></span> <span class='ocrx_word' id='word_1_11' title='bbox 1181 280 1318 336; x_wconf 86' lang='lat' dir='ltr'><strong>potius</strong></span> <span class='ocrx_word' id='word_1_12' title='bbox 1349 281 1388 322; x_wconf 91' lang='lat' dir='ltr'><strong>in</strong></span> <span class='ocrx_word' id='word_1_13' title='bbox 1415 281 1590 324; x_wconf 81' lang='lat' dir='ltr'><strong>Gobium</strong></span> <span class='ocrx_word' id='word_1_14' title='bbox 1616 282 1820 339; x_wconf 75' lang='lat' dir='ltr'><strong>Schloffi’rz</strong></span> 
     </span>
     <span class='ocr_line' id='line_1_3' title="bbox 309 338 1825 402; baseline -0.001 -15"><span class='ocrx_word' id='word_1_15' title='bbox 309 346 492 402; x_wconf 78' lang='lat' dir='ltr'>quadrare</span> <span class='ocrx_word' id='word_1_16' title='bbox 518 340 742 390; x_wconf 85' lang='lat' dir='ltr'><strong>videantur,</strong></span> <span class='ocrx_word' id='word_1_17' title='bbox 783 339 995 396; x_wconf 85' lang='lat' dir='ltr'><strong>eidemque</strong></span> <span class='ocrx_word' id='word_1_18' title='bbox 1022 340 1161 395; x_wconf 86' lang='lat' dir='ltr'>pinnas</span> <span class='ocrx_word' id='word_1_19' title='bbox 1184 338 1353 383; x_wconf 83' lang='lat' dir='ltr'><strong>dorsales</strong></span> <span class='ocrx_word' id='word_1_20' title='bbox 1379 341 1497 382; x_wconf 88' lang='lat' dir='ltr'><strong>etiam</strong></span> <span class='ocrx_word' id='word_1_21' title='bbox 1523 342 1697 394; x_wconf 61' lang='lat' dir='ltr'><strong>Nrrvri.</strong></span> <span class='ocrx_word' id='word_1_22' title='bbox 1728 345 1825 385; x_wconf 84' lang='lat' dir='ltr'><strong>icon</strong></span> 
     </span>
     <span class='ocr_line' id='line_1_4' title="bbox 307 396 1823 455; baseline -0.002 -11"><span class='ocrx_word' id='word_1_23' title='bbox 307 402 509 445; x_wconf 87' lang='lat' dir='ltr'><strong>firniliores</strong></span> <span class='ocrx_word' id='word_1_24' title='bbox 533 399 730 449; x_wconf 86' lang='lat' dir='ltr'><strong>obtineat,</strong></span> <span class='ocrx_word' id='word_1_25' title='bbox 768 410 900 441; x_wconf 88' lang='lat' dir='ltr'><strong>tamen</strong></span> <span class='ocrx_word' id='word_1_26' title='bbox 918 396 1028 440; x_wconf 86' lang='lat' dir='ltr'><strong>albae</strong></span> <span class='ocrx_word' id='word_1_27' title='bbox 1047 396 1230 453; x_wconf 87' lang='lat' dir='ltr'><strong>ejusdem</strong></span> <span class='ocrx_word' id='word_1_28' title='bbox 1249 398 1376 440; x_wconf 81' lang='lat' dir='ltr'><strong>iconis</strong></span> <span class='ocrx_word' id='word_1_29' title='bbox 1400 397 1577 441; x_wconf 87' lang='lat' dir='ltr'><strong>maculae</strong></span> <span class='ocrx_word' id='word_1_30' title='bbox 1595 400 1823 455; x_wconf 72' lang='lat' dir='ltr'><strong>prohibent.</strong></span> 
     </span>
     <span class='ocr_line' id='line_1_5' title="bbox 305 455 1824 515; baseline -0.001 -13"><span class='ocrx_word' id='word_1_31' title='bbox 305 461 425 502; x_wconf 86' lang='lat' dir='ltr'><strong>Forte</strong></span> <span class='ocrx_word' id='word_1_32' title='bbox 444 459 492 501; x_wconf 86' lang='lat' dir='ltr'><strong>ab</strong></span> <span class='ocrx_word' id='word_1_33' title='bbox 510 470 680 514; x_wconf 87' lang='lat' dir='ltr'><strong>utroque</strong></span> <span class='ocrx_word' id='word_1_34' title='bbox 699 456 837 500; x_wconf 83' lang='lat' dir='ltr'><strong>nostro</strong></span> <span class='ocrx_word' id='word_1_35' title='bbox 853 455 1096 501; x_wconf 56' lang='lat' dir='ltr'><strong>diffindam,</strong></span> <span class='ocrx_word' id='word_1_36' title='bbox 1127 470 1193 507; x_wconf 87' lang='lat' dir='ltr'><strong>aut</strong></span> <span class='ocrx_word' id='word_1_37' title='bbox 1210 458 1389 512; x_wconf 81' lang='lat' dir='ltr'><strong>proxime</strong></span> <span class='ocrx_word' id='word_1_38' title='bbox 1413 458 1715 513; x_wconf 80' lang='lat' dir='ltr'><strong>praecedentem</strong></span> <span class='ocrx_word' id='word_1_39' title='bbox 1743 460 1824 515; x_wconf 89' lang='lat' dir='ltr'><strong>spe-</strong></span> 
     </span>
     <span class='ocr_line' id='line_1_6' title="bbox 304 514 1825 572; baseline -0.001 -12"><span class='ocrx_word' id='word_1_40' title='bbox 304 519 406 560; x_wconf 87' lang='lat' dir='ltr'><strong>ciem</strong></span> <span class='ocrx_word' id='word_1_41' title='bbox 427 517 554 559; x_wconf 89' lang='lat' dir='ltr'><strong>voluit</strong></span> <span class='ocrx_word' id='word_1_42' title='bbox 574 514 902 559; x_wconf 72' lang='lat' dir='ltr'><strong>van&#39;omvs.</strong></span> <span class='ocrx_word' id='word_1_43' title='bbox 977 514 1094 566; x_wconf 82' lang='lat' dir='ltr'><strong>Quae</strong></span> <span class='ocrx_word' id='word_1_44' title='bbox 1117 527 1250 556; x_wconf 84' lang='lat' dir='ltr'><strong>autern</strong></span> <span class='ocrx_word' id='word_1_45' title='bbox 1268 517 1319 558; x_wconf 90' lang='lat' dir='ltr'><strong>de</strong></span> <span class='ocrx_word' id='word_1_46' title='bbox 1336 515 1403 558; x_wconf 89' lang='lat' dir='ltr'><strong>suo</strong></span> <span class='ocrx_word' id='word_1_47' title='bbox 1421 514 1523 572; x_wconf 86' lang='lat' dir='ltr'><strong>pisce</strong></span> <span class='ocrx_word' id='word_1_48' title='bbox 1538 521 1698 566; x_wconf 70' lang='lat' dir='ltr'><strong>monet,</strong></span> <span class='ocrx_word' id='word_1_49' title='bbox 1728 531 1825 559; x_wconf 90' lang='lat' dir='ltr'><strong>ocu-</strong></span> 
     </span>
     <span class='ocr_line' id='line_1_7' title="bbox 304 572 1826 631; baseline -0.001 -13"><span class='ocrx_word' id='word_1_50' title='bbox 304 577 368 618; x_wconf 84' lang='lat' dir='ltr'><strong>los</strong></span> <span class='ocrx_word' id='word_1_51' title='bbox 386 590 460 630; x_wconf 87' lang='lat' dir='ltr'><strong>pro</strong></span> <span class='ocrx_word' id='word_1_52' title='bbox 479 574 604 617; x_wconf 92' lang='lat' dir='ltr'><strong>lubitu</strong></span> <span class='ocrx_word' id='word_1_53' title='bbox 624 588 715 616; x_wconf 87' lang='lat' dir='ltr'><strong>eum</strong></span> <span class='ocrx_word' id='word_1_54' title='bbox 734 572 972 629; x_wconf 88' lang='lat' dir='ltr'><strong>protrudere</strong></span> <span class='ocrx_word' id='word_1_55' title='bbox 994 575 1031 614; x_wconf 84' lang='lat'>&amp;</span> <span class='ocrx_word' id='word_1_56' title='bbox 1055 572 1248 615; x_wconf 86' lang='lat' dir='ltr'><strong>retrahere</strong></span> <span class='ocrx_word' id='word_1_57' title='bbox 1272 573 1402 629; x_wconf 69' lang='lat' dir='ltr'><strong>polle,</strong></span> <span class='ocrx_word' id='word_1_58' title='bbox 1431 589 1475 616; x_wconf 88' lang='lat' dir='ltr'><strong>ea</strong></span> <span class='ocrx_word' id='word_1_59' title='bbox 1499 574 1641 617; x_wconf 83' lang='lat' dir='ltr'><strong>nostris</strong></span> <span class='ocrx_word' id='word_1_60' title='bbox 1661 588 1826 631; x_wconf 88' lang='lat' dir='ltr'><strong>quoque</strong></span> 
     </span>
     <span class='ocr_line' id='line_1_8' title="bbox 304 629 1827 690; baseline -0.001 -14"><span class='ocrx_word' id='word_1_61' title='bbox 304 633 524 690; x_wconf 78' lang='lat' dir='ltr'><strong>speciebus,</strong></span> <span class='ocrx_word' id='word_1_62' title='bbox 553 647 653 689; x_wconf 86' lang='lat' dir='ltr'><strong>quae</strong></span> <span class='ocrx_word' id='word_1_63' title='bbox 676 630 845 676; x_wconf 86' lang='lat' dir='ltr'><strong>mirabili</strong></span> <span class='ocrx_word' id='word_1_64' title='bbox 869 630 1084 674; x_wconf 88' lang='lat' dir='ltr'><strong>oculorum</strong></span> <span class='ocrx_word' id='word_1_65' title='bbox 1104 629 1176 674; x_wconf 81' lang='lat' dir='ltr'><strong>{itu</strong></span> <span class='ocrx_word' id='word_1_66' title='bbox 1200 644 1295 674; x_wconf 88' lang='lat' dir='ltr'><strong>cum</strong></span> <span class='ocrx_word' id='word_1_67' title='bbox 1314 632 1387 676; x_wconf 85' lang='lat' dir='ltr'><strong>isto</strong></span> <span class='ocrx_word' id='word_1_68' title='bbox 1404 634 1673 684; x_wconf 88' lang='lat' dir='ltr'><strong>conveniunt,</strong></span> <span class='ocrx_word' id='word_1_69' title='bbox 1702 632 1827 689; x_wconf 85' lang='lat' dir='ltr'><strong>appli-</strong></span> 
     </span>
     <span class='ocr_line' id='line_1_9' title="bbox 303 690 748 735; baseline -0.009 0"><span class='ocrx_word' id='word_1_70' title='bbox 303 706 391 735; x_wconf 87' lang='lat' dir='ltr'><strong>care</strong></span> <span class='ocrx_word' id='word_1_71' title='bbox 409 692 574 734; x_wconf 83' lang='lat' dir='ltr'><strong>minime</strong></span> <span class='ocrx_word' id='word_1_72' title='bbox 591 690 748 733; x_wconf 87' lang='lat' dir='ltr'><strong>dubito.</strong></span> 
     </span>
    </p>

    <p class='ocr_par' dir='ltr' id='par_1_3' title="bbox 258 746 1874 1382">
     <span class='ocr_line' id='line_1_10' title="bbox 419 746 1826 804; baseline -0.001 -11"><span class='ocrx_word' id='word_1_73' title='bbox 419 750 625 793; x_wconf 88' lang='lat' dir='ltr'><strong>Convenit</strong></span> <span class='ocrx_word' id='word_1_74' title='bbox 649 749 703 792; x_wconf 89' lang='lat' dir='ltr'><strong>G.</strong></span> <span class='ocrx_word' id='word_1_75' title='bbox 721 748 924 790; x_wconf 72' lang='lat' dir='ltr'><strong>Boddartz·</strong></span> <span class='ocrx_word' id='word_1_76' title='bbox 948 761 1040 790; x_wconf 87' lang='lat' dir='ltr'><strong>curn</strong></span> <span class='ocrx_word' id='word_1_77' title='bbox 1062 746 1259 804; x_wconf 86' lang='lat' dir='ltr'><strong>plerisque</strong></span> <span class='ocrx_word' id='word_1_78' title='bbox 1279 746 1330 790; x_wconf 89' lang='lat' dir='ltr'><strong>sui</strong></span> <span class='ocrx_word' id='word_1_79' title='bbox 1348 747 1499 803; x_wconf 83' lang='lat' dir='ltr'><strong>generis</strong></span> <span class='ocrx_word' id='word_1_80' title='bbox 1517 748 1651 804; x_wconf 85' lang='lat' dir='ltr'><strong>pinnis</strong></span> <span class='ocrx_word' id='word_1_81' title='bbox 1676 760 1826 791; x_wconf 89' lang='lat' dir='ltr'><strong>ventra-</strong></span> 
     </span>
     <span class='ocr_line' id='line_1_11' title="bbox 303 805 1826 862; baseline -0.001 -11"><span class='ocrx_word' id='word_1_82' title='bbox 303 808 409 851; x_wconf 84' lang='lat' dir='ltr'><strong>libus</strong></span> <span class='ocrx_word' id='word_1_83' title='bbox 434 809 473 849; x_wconf 89' lang='lat' dir='ltr'><strong>in</strong></span> <span class='ocrx_word' id='word_1_84' title='bbox 490 807 753 849; x_wconf 79' lang='lat' dir='ltr'><strong>orbicularem</strong></span> <span class='ocrx_word' id='word_1_85' title='bbox 774 806 1029 856; x_wconf 85' lang='lat' dir='ltr'><strong>coadunatis,</strong></span> <span class='ocrx_word' id='word_1_86' title='bbox 1058 806 1323 862; x_wconf 65' lang='lat' dir='ltr'><strong>pecioralibus</strong></span> <span class='ocrx_word' id='word_1_87' title='bbox 1349 805 1423 849; x_wconf 85' lang='lat' dir='ltr'><strong>bafi</strong></span> <span class='ocrx_word' id='word_1_88' title='bbox 1444 806 1636 855; x_wconf 85' lang='lat' dir='ltr'><strong>carnofis,</strong></span> <span class='ocrx_word' id='word_1_89' title='bbox 1666 805 1826 850; x_wconf 90' lang='lat' dir='ltr'><strong>dorsali-</strong></span> 
     </span>
     <span class='ocr_line' id='line_1_12' title="bbox 305 864 1825 919; baseline -0.001 -11"><span class='ocrx_word' id='word_1_90' title='bbox 305 867 381 908; x_wconf 89' lang='lat' dir='ltr'><strong>bus</strong></span> <span class='ocrx_word' id='word_1_91' title='bbox 399 864 596 915; x_wconf 56' lang='lat' dir='ltr'><strong>distineris,</strong></span> <span class='ocrx_word' id='word_1_92' title='bbox 624 865 776 908; x_wconf 88' lang='lat' dir='ltr'><strong>caudali</strong></span> <span class='ocrx_word' id='word_1_93' title='bbox 795 877 1080 913; x_wconf 85' lang='lat' dir='ltr'><strong>ovato-acuta,</strong></span> <span class='ocrx_word' id='word_1_94' title='bbox 1108 876 1282 918; x_wconf 83' lang='lat' dir='ltr'><strong>totoque</strong></span> <span class='ocrx_word' id='word_1_95' title='bbox 1297 865 1460 907; x_wconf 87' lang='lat' dir='ltr'><strong>demum</strong></span> <span class='ocrx_word' id='word_1_96' title='bbox 1477 866 1662 919; x_wconf 81' lang='lat' dir='ltr'><strong>corporis</strong></span> <span class='ocrx_word' id='word_1_97' title='bbox 1678 865 1825 907; x_wconf 87' lang='lat' dir='ltr'><strong>habitu.</strong></span> 
     </span>
     <span class='ocr_line' id='line_1_13' title="bbox 258 922 1827 978; baseline -0.001 -12"><span class='ocrx_word' id='word_1_98' title='bbox 258 951 261 953; x_wconf 92' lang='lat'><em>-</em></span> <span class='ocrx_word' id='word_1_99' title='bbox 304 925 404 967; x_wconf 90' lang='lat' dir='ltr'><strong>Hoc</strong></span> <span class='ocrx_word' id='word_1_100' title='bbox 423 924 585 966; x_wconf 87' lang='lat' dir='ltr'><strong>unicum</strong></span> <span class='ocrx_word' id='word_1_101' title='bbox 602 936 736 966; x_wconf 84' lang='lat' dir='ltr'><strong>tamen</strong></span> <span class='ocrx_word' id='word_1_102' title='bbox 753 937 920 972; x_wconf 88' lang='lat' dir='ltr'><strong>moneo,</strong></span> <span class='ocrx_word' id='word_1_103' title='bbox 950 926 986 966; x_wconf 87' lang='lat'>&amp;</span> <span class='ocrx_word' id='word_1_104' title='bbox 1006 935 1050 965; x_wconf 95' lang='lat' dir='ltr'><strong>ut</strong></span> <span class='ocrx_word' id='word_1_105' title='bbox 1066 937 1086 965; x_wconf 89' lang='lat' dir='ltr'><strong>a</strong></span> <span class='ocrx_word' id='word_1_106' title='bbox 1107 922 1183 965; x_wconf 87' lang='lat' dir='ltr'><strong>Cel.</strong></span> <span class='ocrx_word' id='word_1_107' title='bbox 1203 923 1490 965; x_wconf 83' lang='lat' dir='ltr'>BODDARTO</span> <span class='ocrx_word' id='word_1_108' title='bbox 1508 923 1688 972; x_wconf 86' lang='lat' dir='ltr'><strong>dubium,</strong></span> <span class='ocrx_word' id='word_1_109' title='bbox 1714 923 1827 978; x_wconf 91' lang='lat' dir='ltr'><strong>quod</strong></span> 
     </span>
     <span class='ocr_line' id='line_1_14' title="bbox 304 981 1829 1037; baseline -0.001 -13"><span class='ocrx_word' id='word_1_110' title='bbox 304 996 415 1025; x_wconf 88' lang='lat' dir='ltr'><strong>nunc</strong></span> <span class='ocrx_word' id='word_1_111' title='bbox 431 995 528 1024; x_wconf 89' lang='lat' dir='ltr'><strong>cum</strong></span> <span class='ocrx_word' id='word_1_112' title='bbox 548 981 618 1024; x_wconf 89' lang='lat' dir='ltr'><strong>illo</strong></span> <span class='ocrx_word' id='word_1_113' title='bbox 638 982 938 1025; x_wconf 86' lang='lat' dir='ltr'><strong>communicare</strong></span> <span class='ocrx_word' id='word_1_114' title='bbox 957 996 1027 1037; x_wconf 87' lang='lat' dir='ltr'><strong>per</strong></span> <span class='ocrx_word' id='word_1_115' title='bbox 1044 994 1204 1036; x_wconf 86' lang='lat' dir='ltr'><strong>tempus</strong></span> <span class='ocrx_word' id='word_1_116' title='bbox 1230 983 1266 1024; x_wconf 86' lang='lat'>&amp;</span> <span class='ocrx_word' id='word_1_117' title='bbox 1288 981 1508 1024; x_wconf 87' lang='lat' dir='ltr'><strong>distantiam</strong></span> <span class='ocrx_word' id='word_1_118' title='bbox 1532 981 1717 1022; x_wconf 86' lang='lat' dir='ltr'><strong>locorum</strong></span> <span class='ocrx_word' id='word_1_119' title='bbox 1744 993 1829 1022; x_wconf 85' lang='lat' dir='ltr'><strong>non</strong></span> 
     </span>
     <span class='ocr_line' id='line_1_15' title="bbox 302 1038 1828 1097; baseline -0.001 -15"><span class='ocrx_word' id='word_1_120' title='bbox 302 1039 419 1085; x_wconf 88' lang='lat' dir='ltr'><strong>licet,</strong></span> <span class='ocrx_word' id='word_1_121' title='bbox 449 1040 621 1083; x_wconf 86' lang='lat' dir='ltr'><strong>diluatur</strong></span> <span class='ocrx_word' id='word_1_122' title='bbox 635 1053 754 1096; x_wconf 91' lang='lat' dir='ltr'><strong>opto,</strong></span> <span class='ocrx_word' id='word_1_123' title='bbox 779 1041 891 1097; x_wconf 91' lang='lat' dir='ltr'><strong>quod</strong></span> <span class='ocrx_word' id='word_1_124' title='bbox 910 1040 1111 1082; x_wconf 88' lang='lat' dir='ltr'><strong>radiorum</strong></span> <span class='ocrx_word' id='word_1_125' title='bbox 1132 1040 1171 1081; x_wconf 91' lang='lat' dir='ltr'><strong>in</strong></span> <span class='ocrx_word' id='word_1_126' title='bbox 1192 1041 1230 1082; x_wconf 87' lang='lat' dir='ltr'><strong>P.</strong></span> <span class='ocrx_word' id='word_1_127' title='bbox 1251 1039 1415 1081; x_wconf 84' lang='lat' dir='ltr'><strong>ventrali</strong></span> <span class='ocrx_word' id='word_1_128' title='bbox 1432 1053 1638 1088; x_wconf 87' lang='lat' dir='ltr'><strong>numerus,</strong></span> <span class='ocrx_word' id='word_1_129' title='bbox 1668 1038 1725 1081; x_wconf 95' lang='lat' dir='ltr'><strong>ob</strong></span> <span class='ocrx_word' id='word_1_130' title='bbox 1747 1051 1828 1080; x_wconf 89' lang='lat' dir='ltr'><strong>car-</strong></span> 
     </span>
     <span class='ocr_line' id='line_1_16' title="bbox 302 1095 1874 1153; baseline -0.001 -13"><span class='ocrx_word' id='word_1_131' title='bbox 302 1097 516 1140; x_wconf 70' lang='lat' dir='ltr'><strong>nostratem</strong></span> <span class='ocrx_word' id='word_1_132' title='bbox 539 1097 642 1141; x_wconf 90' lang='lat' dir='ltr'><strong>forte</strong></span> <span class='ocrx_word' id='word_1_133' title='bbox 660 1099 821 1153; x_wconf 90' lang='lat' dir='ltr'><strong>pinnae,</strong></span> <span class='ocrx_word' id='word_1_134' title='bbox 853 1098 892 1140; x_wconf 89' lang='lat' dir='ltr'><strong>in</strong></span> <span class='ocrx_word' id='word_1_135' title='bbox 914 1097 1226 1140; x_wconf 78' lang='lat' dir='ltr'><strong>extremitatibus</strong></span> <span class='ocrx_word' id='word_1_136' title='bbox 1250 1097 1452 1140; x_wconf 86' lang='lat' dir='ltr'><strong>multifidis</strong></span> <span class='ocrx_word' id='word_1_137' title='bbox 1478 1109 1702 1139; x_wconf 87' lang='lat' dir='ltr'><strong>numeratus</strong></span> <span class='ocrx_word' id='word_1_138' title='bbox 1721 1095 1830 1139; x_wconf 80' lang='lat' dir='ltr'><strong>fuiss&#39;e</strong></span> <span class='ocrx_word' id='word_1_139' title='bbox 1870 1120 1874 1127; x_wconf 93' lang='lat'>·</span> 
     </span>
     <span class='ocr_line' id='line_1_17' title="bbox 304 1154 1829 1207; baseline -0.007 -11"><span class='ocrx_word' id='word_1_140' title='bbox 304 1154 480 1202; x_wconf 89' lang='lat' dir='ltr'><strong>videtur;</strong></span> <span class='ocrx_word' id='word_1_141' title='bbox 525 1155 673 1195; x_wconf 88' lang='lat' dir='ltr'><strong>nullam</strong></span> <span class='ocrx_word' id='word_1_142' title='bbox 692 1156 798 1194; x_wconf 86' lang='lat' dir='ltr'><strong>enim</strong></span> <span class='ocrx_word' id='word_1_143' title='bbox 819 1155 951 1193; x_wconf 76' lang='lat' dir='ltr'><strong>Gobii</strong></span> <span class='ocrx_word' id='word_1_144' title='bbox 973 1155 1142 1206; x_wconf 83' lang='lat' dir='ltr'><strong>speciem</strong></span> <span class='ocrx_word' id='word_1_145' title='bbox 1168 1157 1284 1196; x_wconf 85' lang='lat' dir='ltr'><strong>novi,</strong></span> <span class='ocrx_word' id='word_1_146' title='bbox 1299 1156 1360 1198; x_wconf 69' lang='lat' dir='ltr'><strong>ain</strong></span> <span class='ocrx_word' id='word_1_147' title='bbox 1383 1170 1459 1207; x_wconf 68' lang='lat' dir='ltr'><strong>qua</strong></span> <span class='ocrx_word' id='word_1_148' title='bbox 1485 1169 1674 1197; x_wconf 74' lang='lat' dir='ltr'><strong>numerus</strong></span> <span class='ocrx_word' id='word_1_149' title='bbox 1699 1155 1829 1196; x_wconf 73' lang='lat' dir='ltr'><strong>radio.</strong></span> 
     </span>
     <span class='ocr_line' id='line_1_18' title="bbox 303 1207 1829 1266; baseline -0.001 -11"><span class='ocrx_word' id='word_1_150' title='bbox 303 1226 392 1255; x_wconf 86' lang='lat' dir='ltr'><strong>rum</strong></span> <span class='ocrx_word' id='word_1_151' title='bbox 412 1225 450 1266; x_wconf 93' lang='lat' dir='ltr'><strong>p.</strong></span> <span class='ocrx_word' id='word_1_152' title='bbox 472 1210 657 1252; x_wconf 86' lang='lat' dir='ltr'><strong>ventralis</strong></span> <span class='ocrx_word' id='word_1_153' title='bbox 686 1209 977 1251; x_wconf 86' lang='lat' dir='ltr'><strong>duodenarium</strong></span> <span class='ocrx_word' id='word_1_154' title='bbox 1004 1207 1166 1262; x_wconf 86' lang='lat' dir='ltr'><strong>superat.</strong></span> <span class='ocrx_word' id='word_1_155' title='bbox 1252 1208 1329 1250; x_wconf 89' lang='lat' dir='ltr'><strong>Sed</strong></span> <span class='ocrx_word' id='word_1_156' title='bbox 1356 1211 1460 1250; x_wconf 84' lang='lat' dir='ltr'><strong>craffi</strong></span> <span class='ocrx_word' id='word_1_157' title='bbox 1490 1215 1526 1251; x_wconf 72' lang='grc' dir='ltr'><strong>δ(</strong></span> <span class='ocrx_word' id='word_1_158' title='bbox 1549 1214 1597 1252; x_wconf 90' lang='lat' dir='ltr'><strong>ad</strong></span> <span class='ocrx_word' id='word_1_159' title='bbox 1623 1212 1728 1253; x_wconf 78' lang='lat' dir='ltr'><strong>basin</strong></span> <span class='ocrx_word' id='word_1_160' title='bbox 1751 1213 1829 1253; x_wconf 88' lang='lat' dir='ltr'><strong>fere</strong></span> 
     </span>
     <span class='ocr_line' id='line_1_19' title="bbox 305 1265 1828 1368; baseline 0.001 -58"><span class='ocrx_word' id='word_1_161' title='bbox 305 1283 430 1324; x_wconf 89' lang='lat' dir='ltr'><strong>usque</strong></span> <span class='ocrx_word' id='word_1_162' title='bbox 452 1267 637 1368; x_wconf 48' lang='lat' dir='ltr'><strong>muffifidi</strong></span> <span class='ocrx_word' id='word_1_163' title='bbox 655 1266 751 1310; x_wconf 87' lang='lat' dir='ltr'><strong>radii</strong></span> <span class='ocrx_word' id='word_1_164' title='bbox 768 1266 809 1309; x_wconf 87' lang='lat' dir='ltr'><strong>in</strong></span> <span class='ocrx_word' id='word_1_165' title='bbox 828 1265 1066 1323; x_wconf 82' lang='lat' dir='ltr'><strong>quibusdam</strong></span> <span class='ocrx_word' id='word_1_166' title='bbox 1082 1265 1312 1322; x_wconf 88' lang='lat' dir='ltr'><strong>imponere,</strong></span> <span class='ocrx_word' id='word_1_167' title='bbox 1343 1268 1380 1309; x_wconf 73' lang='grc' dir='ltr'><strong>ὃ(</strong></span> <span class='ocrx_word' id='word_1_168' title='bbox 1398 1265 1536 1324; x_wconf 73' lang='lat' dir='ltr'><strong>singuli</strong></span> <span class='ocrx_word' id='word_1_169' title='bbox 1557 1282 1633 1324; x_wconf 92' lang='lat' dir='ltr'><strong>pro</strong></span> <span class='ocrx_word' id='word_1_170' title='bbox 1650 1268 1828 1325; x_wconf 87' lang='lat' dir='ltr'><strong>pluribus</strong></span> 
     </span>
     <span class='ocr_line' id='line_1_20' title="bbox 304 1326 635 1382; baseline -0.009 -13"><span class='ocrx_word' id='word_1_171' title='bbox 304 1326 440 1370; x_wconf 89' lang='lat' dir='ltr'><strong>haberi</strong></span> <span class='ocrx_word' id='word_1_172' title='bbox 461 1339 519 1382; x_wconf 91' lang='lat' dir='ltr'><strong>po</strong></span> <span class='ocrx_word' id='word_1_173' title='bbox 550 1337 635 1368; x_wconf 90' lang='lat' dir='ltr'><strong>unt.</strong></span> 
     </span>
    </p>
   </div>
   <div class='ocr_carea' id='block_1_3' title="bbox 707 1438 1426 1491">
    <p class='ocr_par' dir='ltr' id='par_1_4' title="bbox 707 1438 1426 1491">
     <span class='ocr_line' id='line_1_21' title="bbox 707 1438 1426 1491; baseline 0.003 -2"><span class='ocrx_word' id='word_1_174' title='bbox 707 1438 1426 1491; x_wconf 88' lang='lat' dir='ltr'><strong>DESCRIPTIO</strong></span> 
     </span>
    </p>
   </div>
   <div class='ocr_carea' id='block_1_4' title="bbox 602 1523 1526 1694">
    <p class='ocr_par' dir='ltr' id='par_1_5' title="bbox 602 1523 1526 1694">
     <span class='ocr_line' id='line_1_22' title="bbox 602 1523 1526 1595; baseline 0.001 -5"><span class='ocrx_word' id='word_1_175' title='bbox 602 1523 905 1590; x_wconf 79' lang='lat' dir='ltr'><em>GOBII</em></span> <span class='ocrx_word' id='word_1_176' title='bbox 964 1523 1401 1591; x_wconf 85' lang='lat' dir='ltr'><em>BODDAR</em></span> <span class='ocrx_word' id='word_1_177' title='bbox 1423 1525 1526 1595; x_wconf 68' lang='lat' dir='ltr'><strong>Z&#39;J.</strong></span> 
     </span>
     <span class='ocr_line' id='line_1_23' title="bbox 830 1625 1314 1694; baseline 0.002 -17"><span class='ocrx_word' id='word_1_178' title='bbox 830 1625 941 1677; x_wconf 76' lang='lat' dir='ltr'><strong>Tab.</strong></span> <span class='ocrx_word' id='word_1_179' title='bbox 969 1627 1037 1677; x_wconf 84' lang='grc' dir='ltr'><strong>Π.</strong></span> <span class='ocrx_word' id='word_1_180' title='bbox 1081 1628 1188 1694; x_wconf 68' lang='lat' dir='ltr'><strong>Fig.</strong></span> <span class='ocrx_word' id='word_1_181' title='bbox 1212 1644 1257 1691; x_wconf 78' lang='lat'><strong>4.</strong></span> <span class='ocrx_word' id='word_1_182' title='bbox 1277 1644 1314 1689; x_wconf 81' lang='lat'><strong>5.</strong></span> 
     </span>
    </p>
   </div>
   <div class='ocr_carea' id='block_1_5' title="bbox 310 1712 1829 2250">
    <p class='ocr_par' dir='ltr' id='par_1_6' title="bbox 312 1712 1016 1796">
     <span class='ocr_line' id='line_1_24' title="bbox 312 1712 1016 1796; baseline 0.001 -16"><span class='ocrx_word' id='word_1_183' title='bbox 312 1712 597 1796; x_wconf 58' lang='lat' dir='ltr'><strong>ffsagvitudo</strong></span> <span class='ocrx_word' id='word_1_184' title='bbox 623 1739 776 1782; x_wconf 87' lang='lat' dir='ltr'><strong>circiter</strong></span> <span class='ocrx_word' id='word_1_185' title='bbox 799 1738 1016 1782; x_wconf 86' lang='lat' dir='ltr'><strong>Gobionis.</strong></span> 
     </span>
    </p>

    <p class='ocr_par' dir='ltr' id='par_1_7' title="bbox 310 1796 1829 1972">
     <span class='ocr_line' id='line_1_25' title="bbox 429 1796 1828 1853; baseline 0.002 -13"><span class='ocrx_word' id='word_1_186' title='bbox 429 1798 557 1853; x_wconf 71' lang='lat' dir='ltr'><strong>Caput</strong></span> <span class='ocrx_word' id='word_1_187' title='bbox 582 1798 740 1840; x_wconf 84' lang='lat' dir='ltr'><strong>brevius</strong></span> <span class='ocrx_word' id='word_1_188' title='bbox 763 1812 880 1853; x_wconf 86' lang='lat' dir='ltr'><strong>quam</strong></span> <span class='ocrx_word' id='word_1_189' title='bbox 909 1797 949 1839; x_wconf 91' lang='lat' dir='ltr'><strong>in</strong></span> <span class='ocrx_word' id='word_1_190' title='bbox 976 1797 1030 1848; x_wconf 87' lang='lat' dir='ltr'><strong>G.</strong></span> <span class='ocrx_word' id='word_1_191' title='bbox 1053 1796 1278 1852; x_wconf 77' lang='lat' dir='ltr'><strong>Schloffiri‚</strong></span> <span class='ocrx_word' id='word_1_192' title='bbox 1313 1797 1497 1849; x_wconf 70' lang='lat' dir='ltr'><strong>crassum,</strong></span> <span class='ocrx_word' id='word_1_193' title='bbox 1528 1796 1828 1850; x_wconf 79' lang='lat' dir='ltr'><strong>obtufiffimum,</strong></span> 
     </span>
     <span class='ocr_line' id='line_1_26' title="bbox 310 1853 1829 1905; baseline 0.001 -6"><span class='ocrx_word' id='word_1_194' title='bbox 310 1856 629 1905; x_wconf 79' lang='lat' dir='ltr'><strong>subconvexum,</strong></span> <span class='ocrx_word' id='word_1_195' title='bbox 658 1870 679 1897; x_wconf 90' lang='lat' dir='ltr'><strong>a</strong></span> <span class='ocrx_word' id='word_1_196' title='bbox 705 1855 847 1897; x_wconf 87' lang='lat' dir='ltr'><strong>vertice</strong></span> <span class='ocrx_word' id='word_1_197' title='bbox 873 1853 1008 1897; x_wconf 89' lang='lat' dir='ltr'><strong>senfim</strong></span> <span class='ocrx_word' id='word_1_198' title='bbox 1041 1857 1421 1900; x_wconf 83' lang='lat' dir='ltr'><strong>convexo-declive.</strong></span> <span class='ocrx_word' id='word_1_199' title='bbox 1480 1856 1679 1899; x_wconf 75' lang='lat' dir='ltr'><strong>Maxillae</strong></span> <span class='ocrx_word' id='word_1_200' title='bbox 1701 1856 1829 1901; x_wconf 92' lang='lat' dir='ltr'><strong>subae-</strong></span> 
     </span>
     <span class='ocr_line' id='line_1_27' title="bbox 311 1912 1826 1972; baseline 0.001 -15"><span class='ocrx_word' id='word_1_201' title='bbox 311 1915 455 1972; x_wconf 83' lang='lat' dir='ltr'><strong>quales,</strong></span> <span class='ocrx_word' id='word_1_202' title='bbox 472 1913 581 1956; x_wconf 81' lang='lat' dir='ltr'><strong>labiis</strong></span> <span class='ocrx_word' id='word_1_203' title='bbox 599 1913 736 1971; x_wconf 71' lang='lat' dir='ltr'><strong>crassis,</strong></span> <span class='ocrx_word' id='word_1_204' title='bbox 751 1912 945 1962; x_wconf 80' lang='lat' dir='ltr'><strong>carnofis;</strong></span> <span class='ocrx_word' id='word_1_205' title='bbox 977 1912 1198 1969; x_wconf 89' lang='lat' dir='ltr'><strong>praesertim</strong></span> <span class='ocrx_word' id='word_1_206' title='bbox 1218 1914 1424 1969; x_wconf 81' lang='lat' dir='ltr'><strong>superiore.</strong></span> <span class='ocrx_word' id='word_1_207' title='bbox 1484 1915 1647 1968; x_wconf 70' lang='lat' dir='ltr'><strong>Dentes,</strong></span> <span class='ocrx_word' id='word_1_208' title='bbox 1674 1916 1826 1971; x_wconf 65' lang='lat' dir='ltr'><strong>Nares.</strong></span> 
     </span>
    </p>

    <p class='ocr_par' dir='ltr' id='par_1_8' title="bbox 310 1971 1827 2086">
     <span class='ocr_line' id='line_1_28' title="bbox 429 1971 1827 2030; baseline 0.002 -16"><span class='ocrx_word' id='word_1_209' title='bbox 429 1972 542 2014; x_wconf 78' lang='lat' dir='ltr'><strong>Oculi</strong></span> <span class='ocrx_word' id='word_1_210' title='bbox 564 1972 736 2015; x_wconf 84' lang='lat' dir='ltr'><strong>anterius</strong></span> <span class='ocrx_word' id='word_1_211' title='bbox 759 1972 799 2013; x_wconf 92' lang='lat' dir='ltr'><strong>in</strong></span> <span class='ocrx_word' id='word_1_212' title='bbox 826 1971 974 2014; x_wconf 87' lang='lat' dir='ltr'><strong>vertice</strong></span> <span class='ocrx_word' id='word_1_213' title='bbox 997 1972 1287 2027; x_wconf 84' lang='lat' dir='ltr'><strong>approximati,</strong></span> <span class='ocrx_word' id='word_1_214' title='bbox 1318 1974 1381 2016; x_wconf 83' lang='lat' dir='ltr'><strong>vix</strong></span> <span class='ocrx_word' id='word_1_215' title='bbox 1405 1985 1510 2017; x_wconf 84' lang='lat' dir='ltr'><strong>extra</strong></span> <span class='ocrx_word' id='word_1_216' title='bbox 1534 1986 1654 2030; x_wconf 88' lang='lat' dir='ltr'><strong>caput</strong></span> <span class='ocrx_word' id='word_1_217' title='bbox 1677 1976 1827 2030; x_wconf 87' lang='lat' dir='ltr'><strong>promi-</strong></span> 
     </span>
     <span class='ocr_line' id='line_1_29' title="bbox 310 2028 1339 2086; baseline -0.003 -14"><span class='ocrx_word' id='word_1_218' title='bbox 310 2028 406 2081; x_wconf 84' lang='lat' dir='ltr'><strong>nuli,</strong></span> <span class='ocrx_word' id='word_1_219' title='bbox 434 2030 617 2086; x_wconf 87' lang='lat' dir='ltr'><strong>oblongi,</strong></span> <span class='ocrx_word' id='word_1_220' title='bbox 654 2042 745 2072; x_wconf 88' lang='lat' dir='ltr'><strong>cute</strong></span> <span class='ocrx_word' id='word_1_221' title='bbox 764 2029 847 2071; x_wconf 86' lang='lat' dir='ltr'><strong>alba</strong></span> <span class='ocrx_word' id='word_1_222' title='bbox 863 2030 954 2072; x_wconf 61' lang='lat' dir='ltr'><strong>teni</strong></span> <span class='ocrx_word' id='word_1_223' title='bbox 978 2029 1067 2085; x_wconf 82' lang='lat' dir='ltr'><em>(fig.</em></span> <span class='ocrx_word' id='word_1_224' title='bbox 1085 2030 1162 2084; x_wconf 86' lang='lat'>4.).</span> <span class='ocrx_word' id='word_1_225' title='bbox 1335 2040 1339 2045; x_wconf 84' lang='lat'><strong>·</strong></span> 
     </span>
    </p>

    <p class='ocr_par' dir='ltr' id='par_1_9' title="bbox 311 2088 1827 2200">
     <span class='ocr_line' id='line_1_30' title="bbox 428 2088 1827 2144; baseline 0.002 -14"><span class='ocrx_word' id='word_1_226' title='bbox 428 2088 621 2143; x_wconf 77' lang='lat' dir='ltr'><strong>Opercula</strong></span> <span class='ocrx_word' id='word_1_227' title='bbox 652 2089 941 2131; x_wconf 70' lang='lat' dir='ltr'><strong>brarzchiarzmz</strong></span> <span class='ocrx_word' id='word_1_228' title='bbox 971 2088 1221 2144; x_wconf 84' lang='lat' dir='ltr'><strong>squamulosa.</strong></span> <span class='ocrx_word' id='word_1_229' title='bbox 1309 2089 1557 2134; x_wconf 81' lang='lat' dir='ltr'><strong>Membrana</strong></span> <span class='ocrx_word' id='word_1_230' title='bbox 1583 2090 1827 2133; x_wconf 77' lang='lat' dir='ltr'><strong>branchialis</strong></span> 
     </span>
     <span class='ocr_line' id='line_1_31' title="bbox 311 2144 1168 2200; baseline 0.001 -12"><span class='ocrx_word' id='word_1_231' title='bbox 311 2144 756 2200; x_wconf 86' lang='lat' dir='ltr'><strong>livido-coerulescens‚</strong></span> <span class='ocrx_word' id='word_1_232' title='bbox 784 2147 989 2191; x_wconf 87' lang='lat' dir='ltr'><strong>radiorum</strong></span> <span class='ocrx_word' id='word_1_233' title='bbox 1009 2161 1036 2200; x_wconf 88' lang='lat'>4</span> <span class='ocrx_word' id='word_1_234' title='bbox 1052 2146 1111 2190; x_wconf 90' lang='lat' dir='ltr'><strong>vel</strong></span> <span class='ocrx_word' id='word_1_235' title='bbox 1129 2160 1168 2197; x_wconf 82' lang='lat'><strong>5.</strong></span> 
     </span>
    </p>

    <p class='ocr_par' dir='ltr' id='par_1_10' title="bbox 954 2204 1824 2250">
     <span class='ocr_line' id='line_1_32' title="bbox 954 2204 1824 2250; baseline 0.001 -3"><span class='ocrx_word' id='word_1_236' title='bbox 954 2231 957 2233; x_wconf 91' lang='lat'>·</span> <span class='ocrx_word' id='word_1_237' title='bbox 1649 2204 1824 2250; x_wconf 87' lang='lat' dir='ltr'><strong>Dorsum</strong></span> 
     </span>
    </p>
   </div>
  </div>
 </body>
</html>
