1998 2701
762 394 1365 511 ONISCUS

625 535 1505 603 CANCELLUS„

482 803 570 842 tur,
600 805 623 832 a
643 791 814 833 nemine
831 789 972 833 saltem
994 804 1207 849 repertum
1232 791 1321 834 fuit.
1381 789 1583 834 Abundat
1605 804 1746 834 autem
1770 792 1813 833 in

484 849 625 896 Lena,
664 846 796 891 fluvio
817 849 1022 891 ulterioris
1047 848 1246 903 Sibidae,
1277 848 1324 891 ὄε
1350 847 1547 891 omnibus
1572 864 1679 907 quae
1703 851 1745 890 in
1767 849 1812 890 il-

302 907 388 951 lum
408 907 661 964 colliguntur
673 904 859 956 fluentis,
887 908 1109 966 praecipue
1129 907 1299 965 Angara
1317 905 1363 948 <Sc
1382 906 1498 948 Lacu
1513 907 1659 950 Baikal
1679 921 1704 949 e
1726 921 1811 965 quo

302 964 470 1025 profluit
491 967 673 1023 Angara.
733 963 1060 1022 Quamprimum
1082 963 1141 1008 ibi
1164 965 1318 1023 glacies
1341 962 1530 1013 solvitur,
1555 977 1668 1007 tanta
1691 965 1812 1022 copia

302 1035 497 1082 apparet,
532 1035 578 1065 ut
606 1037 630 1064 e
656 1023 886 1080 praecipuis
913 1023 1120 1066 alimentis
1145 1021 1192 1065 fit
1217 1023 1548 1066 Truttaceorum
1573 1021 1743 1080 piscium
1767 1021 1812 1064 &

303 1083 446 1125 avium
474 1081 775 1138 aquaticarum,
809 1095 915 1137 quae
941 1094 1040 1122 tunc
1070 1096 1130 1123 ex
1146 1079 1354 1137 hybernis
1381 1081 1566 1139 undique
1583 1081 1812 1122 adventant

301 1138 490 1181 solatium
506 1136 578 1179 insi
612 1152 678 1179 ne.
734 1137 915 1179 Truttae
933 1137 990 1180 ibi
1004 1138 1197 1196 vulgares
1216 1137 1260 1179 δε
1277 1138 1547 1179 Salmonatae
1565 1138 1811 1196 plerumque

301 1195 579 1240 ventriculum
616 1194 843 1247 lujusmodi
866 1194 1032 1238 Oniscis
1058 1194 1259 1238 refertum·
1292 1193 1500 1237 exhibent
1531 1196 1668 1253 primo
1697 1209 1810 1237 vere.

302 1253 447 1306 Quam
476 1253 647 1314 quidem
669 1253 937 1310 rapacitatem
960 1253 1089 1296 iidem
1110 1251 1255 1297 Onisci
1278 1250 1544 1302 ulciscuntur,
1576 1252 1658 1295 hos
1683 1251 1811 1311 pisces

302 1311 527 1361 vexando,
555 1325 786 1369 eorumque
802 1309 1011 1355 branchiis
1031 1309 1383 1355 adhaerescendo‚

419 1370 641 1412 Praeterea
665 1370 793 1411 etiam
816 1367 868 1412 ab
896 1368 1139 1412 hominibus
1167 1369 1243 1410 tuti
1270 1384 1358 1409 non
1384 1367 1474 1410 sunt
1493 1366 1639 1411 Onisci
1665 1368 1810 1416 nostri;

304 1426 358 1471 ab
375 1427 528 1469 accolis
553 1426 667 1468 enim
691 1425 945 1483 colliguntur
961 1426 1007 1468 (ἵε
1026 1423 1138 1468 cocti
1156 1427 1197 1467 in
1216 1425 1371 1467 deliciis
1388 1424 1617 1475 habentur,
1648 1428 1808 1484 magni-

303 1484 448 1527 tudine
464 1484 616 1542 pariter
630 1482 676 1525 ἀ
693 1480 888 1540 adspectu
913 1485 1032 1540 grati.
1089 1483 1296 1528 Colorem
1313 1484 1440 1525 etiam
1458 1480 1568 1526 cocti
1579 1515 1592 1532 ,
1621 1484 1673 1526 ad
1688 1484 1810 1527 instar

306 1542 590 1589 Cancrorum‚
631 1542 883 1582 miniaceum
907 1555 953 1583 ac
985 1541 1142 1590 uix-unt,
1185 1556 1280 1582 cum
1306 1541 1395 1583 vivi
1416 1541 1606 1584 olivaceo
1623 1567 1638 1573 —
1654 1543 1809 1585 cinera-

303 1598 486 1643 scentem
503 1598 548 1641 ὅι
564 1600 607 1641 in
627 1596 775 1641 umbra
790 1597 925 1640 ficcati
941 1600 976 1641 al
1008 1599 1125 1642 idum
1144 1596 1382 1657 praebeant.
1442 1598 1499 1642 Et
1515 1598 1623 1642 hanc
1638 1600 1810 1657 quidem

304 1657 494 1701 colorum
526 1658 805 1699 mutationem
830 1656 975 1701 Onisci
1001 1655 1292 1717 squilliformes
1328 1672 1481 1700 omnes
1508 1673 1605 1700 cum
1634 1657 1810 1702 Cancris

302 1729 574 1758 communem
590 1713 758 1758 habent.

419 1777 635 1831 Apparent
660 1773 703 1814 in
722 1771 917 1821 Sibiriae,
945 1784 992 1815 ut
1014 1773 1125 1821 dixi,
1162 1773 1300 1831 aquis,
1322 1774 1629 1832 quamprimum
1651 1772 1808 1831 hyems

304 1829 492 1880 solvitur,
522 1832 747 1890 vernisque
764 1828 992 1881 menfibus‚
1028 1845 1160 1890 usque
1182 1832 1224 1872 in
1239 1830 1409 1885 Junium
1431 1830 1643 1875 abundant
1663 1830 1809 1875 Onisci

305 1888 450 1937 nostri;
497 1888 627 1931 Tune
642 1901 783 1931 autem
800 1886 943 1931 senfim
957 1890 1199 1931 minuuntur
1215 1887 1259 1930 ἃ
1281 1888 1486 1947 disparent
1505 1889 1673 1932 tandem
1685 1921 1695 1938 ,
1734 1888 1806 1934 ob-

304 1946 493 1989 servante
509 1948 667 2002 Optimo
691 1948 964 1996 STELLERO‚
981 1947 1024 1989 in
1043 1950 1154 1999 cujus
1170 1945 1332 1989 schedis
1349 1947 1401 1990 de
1416 1946 1496 1990 hac
1511 1945 1646 2005 specie
1663 1950 1807 2006 (quam

306 2004 534 2062 „Squillam
558 2003 800 2048 fluviatilem
822 2004 890 2046 seu
914 2003 1219 2063 Phryganeum
1244 2002 1359 2047 fluvii
1384 2010 1601 2063 Angarae“
1630 2005 1805 2063 appella-

304 2063 407 2116 vit),
436 2062 639 2121 quaedam
659 2064 889 2105 memoriae
907 2063 1070 2120 prodita
1086 2063 1241 2105 inveni.
1300 2062 1443 2105 Didici
1461 2062 1579 2112 inde,
1616 2062 1730 2121 quod
1747 2076 1806 2105 ex

262 2118 449 2232 'bitu
469 2117 614 2164 insecti
626 2119 745 2165 facile
760 2118 1062 2172 conclufissem,
1095 2120 1195 2165 illud
1213 2119 1364 2164 eadem
1383 2121 1564 2170 ratione,
1593 2134 1641 2163 ac
1660 2118 1805 2220 Osniscli

1704 2192 1774 2235 qul
1791 2203 1806 2209 -=

302 692 720 872 Pulcherrimum
735 725 870 776 hoc'ce
884 730 1096 776 Infestum
1113 745 1234 777 extra
1250 732 1446 777 Sibiriam
1463 698 1606 777 nullibi
1623 732 1816 777 observa-
