1998 2701
768 222 927 280 Qffiff
1041 225 1166 275 (6)
1283 222 1442 278 Qffiff

366 346 474 377 nunc
499 333 667 387 primam
695 328 917 372 describere
951 326 1179 382 adgrediar,
1223 325 1459 375 arrhatam,
1508 326 1752 369 Fraterculae
1777 326 1855 368 affi-

365 402 458 431 nem
476 386 560 428 effe.
616 386 804 440 Reliquae
823 397 953 426 tamen
974 396 1071 424 mox
1091 382 1368 424 describendae
1394 383 1559 438 species,
1599 395 1763 439 excepta
1781 382 1856 423 sola

365 448 417 487 A.
457 441 494 484 T
491 440 672 493 etracula,
712 454 814 495 quae
854 440 1025 494 aliquam
1052 437 1188 493 prodit
1217 452 1312 480 cum
1356 440 1408 480 A.
1435 438 1521 479 Alle
1551 439 1855 488 {imilitudinem

363 503 415 542 ita
440 496 639 539 anomalae
666 495 772 548 sunt,
810 495 942 540 rostris
970 506 1051 534 non
1079 494 1202 534 modo
1229 507 1249 534 a
1279 494 1592 549 congeneribus,
1621 494 1685 536 sed
1704 494 1753 535 ab
1778 494 1856 533 avi·

364 556 440 596 bus
467 553 651 606 aquaticis
673 551 722 593 ad
739 564 868 592 unum
895 549 1082 591 omnibus
1106 551 1158 590 ita
1183 549 1419 601 abhorrent,
1453 562 1498 591 ut
1525 549 1699 605 singulae
1725 550 1855 598 tironi,

364 623 469 651 nova
485 621 632 663 genera
660 606 875 655 condendi,
907 616 953 646 ut
979 603 1124 656 solent,
1164 604 1304 657 avido,
1348 606 1526 660 pulcram
1551 607 1765 660 praebeant
1793 616 1856 644 oc-

365 664 578 712 casionem,
618 664 828 704 nominum
849 661 1133 716 genericorum
1151 660 1310 702 turbam
1329 662 1444 702 novis
1463 675 1484 701 e
1501 663 1728 714 graecanica
1745 672 1855 714 penu

366 719 551 761 desumtis
592 717 795 761 vocabulis
840 714 1036 770 augendi,
1089 713 1208 769 seque
1242 717 1345 756 inter
1379 715 1626 759 methodicos
1676 713 1854 768 jactandi.

365 774 470 818 Mihi
490 787 601 826 vero,
642 785 688 815 ut
713 772 931 814 incidenter
945 771 1074 812 dicam
1090 783 1192 824 quae
1208 771 1387 813 mihimet
1403 785 1568 813 normae
1588 771 1700 813 stimfi
1714 804 1724 821 ,
1770 769 1854 810 satis

366 830 568 885 superque
593 830 803 872 nominum
829 828 868 867 in
900 824 1178 881 Ornithologia
1214 826 1392 880 videtur3
1435 826 1628 881 seligenda
1653 838 1754 881 puto
1780 824 1856 867 esse

367 887 537 941 optima,
567 898 606 927 et
632 883 755 926 modo
780 883 843 926 hic
879 880 1003 922 modo
1035 880 1097 919 ille
1123 895 1145 919 e
1178 882 1466 928 recentioribus
1491 882 1752 935 Systematjeig
1789 894 1855 921 au-

367 939 546 991 diendus,
606 940 757 981 Omnes
788 938 914 990 enim,
944 935 1024 976 fine
1055 933 1295 985 discrimine,
1327 933 1462 988 paffim
1488 936 1639 974 diversa
1665 934 1855 975 consocia-

368 1010 463 1040 runt
479 1007 518 1035 et
536 993 664 1035 affinia
684 995 804 1036 invita
831 1003 970 1034 natura
991 988 1272 1041 distraxerunt3
1301 990 1451 1031 etitem
1471 1001 1610 1029 omnes
1634 989 1739 1030 bona
1756 989 1856 1030 mul-

368 1064 407 1094 ta
434 1050 591 1091 habent.
659 1049 767 1090 Hinc
806 1048 940 1091 bonus
974 1044 1341 1096 MOERINGIVS,
1396 1044 1495 1085 boni
1530 1043 1854 1095 Bmssomvs,

369 1106 643 1156 KLEINIVS,
690 1101 898 1157 LtNNEG
943 1112 1014 1146 cet.
1050 1098 1115 1142 sed
1134 1100 1175 1145 in
1195 1098 1329 1148 medio
1358 1100 1461 1145 inter
1489 1112 1628 1145 omnes
1654 1100 1796 1143 veritas
1813 1111 1853 1153 et

368 1162 550 1206 Naturae
588 1158 700 1205 ordo„

1631 2127 1847 2179 ALCA
