1998 2701
502 168 1319 250 Qfflff(15).QQ)2÷t

158 303 246 334 nuo
267 286 351 332 fine
371 288 489 349 gyris
509 286 667 337 transit,
695 288 738 329 in
765 288 975 331 anteriore
1005 288 1232 346 capacitate
1256 285 1504 331 inordinatis
1524 286 1667 343 ansba-

158 349 286 391 t‘libns
304 347 582 398 convoluitur,
593 359 719 404 atque
735 346 775 387 in
793 361 919 390 annm
931 378 942 395 ‚
971 348 1097 405 paulo
1115 358 1211 390 ante
1228 347 1466 404 marginem
1490 347 1672 405 vaginae

156 405 361 450 viscerum
381 405 592 453 hiantem,
629 402 794 455 desinit,
832 402 948 448 facito
974 405 1087 462 prius
1111 403 1262 449 secessu
1288 403 1518 453 vesiculam,
1543 403 1666 447 instar

158 465 337 508 cloacae.
433 462 506 506 Ab
532 461 765 521 oesophjago
796 463 849 505 ad
875 478 1009 521 gyros
1033 461 1198 522 spirales
1227 462 1408 523 posticos
1430 478 1562 522 usque
1588 464 1666 506 vix

156 524 386 582 quidquam
404 521 641 564 continetur
659 520 873 570 intestino,
888 521 986 564 inde
1004 536 1108 565 vero
1125 534 1263 566 totum
1281 520 1586 566 refertissimum
1610 520 1669 564 est

157 595 282 624 arena
307 577 463 638 grossa,
490 580 693 628 calcarea,
723 579 900 622 candida
924 595 948 623 e
971 581 1149 623 coralliis
1180 593 1305 640 atque
1342 580 1529 624 testaceis
1549 595 1666 622 com-

157 639 329 681 minutis
356 636 486 687 fabia,
517 653 599 699 qua
622 637 742 681 Mare
767 638 1067 681 Americanum
1093 637 1288 683 abundat.
1350 639 1502 688 (Unde
1520 638 1677 681 denuc>

156 704 339 756 apparet·
361 711 524 739 meram
553 708 707 739 terram
739 694 836 739 huic
870 712 1042 758 quoque
1058 696 1283 747 Mollusco‚
1310 698 1377 740 uti·
1397 697 1537 741 multis
1562 696 1664 745 aliis,

188 771 235 797 ro
252 755 510 798 nutrimento
533 753 643 809 esse.)
672 754 712 797 E
739 756 963 798 tenerrima
979 754 1225 800 membrana
1247 755 1435 799 constant
1460 754 1664 804 intestina,

154 770 318 873 filisque
347 812 627 862 mollioribus,
656 812 967 856 verosimillime
999 812 1236 868 vasculolis,
1281 813 1436 872 sparfis,
1468 813 1663 863 anterius,

156 872 346 914 maxime
361 887 439 929 pro
474 886 498 914 e
515 887 589 915 cor
605 869 886 920 creberrimis,
916 877 1187 930 tegumentis»
1199 873 1433 932 adligantur
1448 868 1605 930 paffim.

274 928 363 973 Sub
381 931 451 973 red
474 946 499 971 o
515 929 709 972 intestino
726 930 770 972 ἀ
790 928 905 988 supra
922 930 1197 991 oesophagum
1214 933 1257 974 in
1273 929 1361 990 ipso
1370 932 1549 988 vaginae
1559 942 1663 971 mar·

156 987 256 1046 gine
277 1003 343 1030 cor
358 987 537 1044 positum
560 988 635 1036 est,
654 987 883 1031 reniforme
901 989 970 1031 vel
988 990 1127 1046 potius
1153 990 1398 1047 didymum,
1417 988 1559 1036 molle,
1577 999 1664 1028 ma·

155 1047 376 1104 gnitudine
404 1044 570 1088 seminis
596 1046 769 1092 Alceae3
808 1045 849 1088 id
882 1061 935 1088 ue
961 1046 1111 1088 sursum
1135 1046 1179 1089 (Sc
1206 1046 1399 1090 deorsum
1423 1062 1482 1089 ex
1508 1044 1664 1089 eodem

155 1101 316 1160 punssto
347 1104 500 1144 emittit
528 1103 732 1157 vaftnlztm
757 1101 825 1144 seu
881 1104 966 1144 lum
998 1105 1147 1160 capillo
1169 1104 1358 1146 humano
1382 1105 1463 1146 vix
1488 1101 1664 1151 craffius,

155 1175 231 1219 per
247 1160 416 1218 aliquod
433 1158 607 1217 spatium
623 1159 862 1215 rigidulum‚
878 1157 1109 1202 subluteum
1123 1193 1132 1211 ‚
1157 1175 1204 1203 ac
1222 1159 1333 1220 quasi
1350 1160 1603 1203 arteriosum.

274 1219 321 1261 In
338 1217 515 1259 ventrali
530 1217 677 1268 latere,
709 1217 808 1260 inde
826 1232 849 1260 a
865 1233 1068 1260 mucrone
1085 1219 1241 1262 caudae
1258 1215 1517 1262 craffiusculo
1542 1217 1664 1259 initio

155 1276 300 1334 incipit
313 1276 438 1331 filum
465 1276 685 1317 mea'nllare
704 1274 802 1331 (litt,
821 1280 894 1330 e),
926 1277 1104 1334 vaginae
1119 1276 1324 1320 viscerum
1341 1274 1516 1321 strid'tius
1541 1275 1661 1318 adna-

156 1347 245 1377 tum
259 1367 269 1383 ‚
298 1335 402 1376 ultra
422 1334 599 1391 vaginae
618 1348 723 1376 vero
739 1335 975 1392 marginem
998 1335 1229 1378 antrorl‘um
1254 1334 1452 1383 liberum,
1491 1332 1663 1378 subatte·

155 1404 349 1440 nuatum,
385 1389 656 1439 nodulosum‚
697 1391 954 1450 tandemque
972 1391 1209 1436 crassiffimis
1237 1392 1458 1436 filamentis
1483 1394 1525 1434 in
1556 1390 1664 1433 tuni-

156 1465 250 1494 cam
276 1448 541 1508 proboscidis
564 1447 846 1507 granulosam‚
883 1464 905 1491 a
929 1449 1058 1492 latere
1082 1451 1319 1508 praesertim
1341 1450 1518 1493 ventrali
1541 1448 1662 1491 inser-

156 1520 266 1557 tum,
298 1507 408 1550 nulla
428 1518 569 1548 tamen
585 1505 805 1564 conspicua
822 1508 863 1548 in
890 1522 1030 1549 ramos
1050 1508 1348 1552 distributione.

272 1566 387 1608 Inter
403 1563 693 1622 proboscidem
710 1563 753 1606 (Sc
769 1565 948 1622 vaginae
965 1567 1201 1623 marginem
1224 1581 1247 1609 a
1259 1566 1386 1609 latere
1401 1565 1578 1608 ventrali
1595 1581 1664 1610 oc-

157 1624 281 1667 currit
297 1624 490 1682 utrinque
508 1622 678 1675 veficltla
696 1621 783 1664 fere
801 1623 1007 1681 pollicaris
1034 1624 1135 1676 (litt.
1154 1623 1195 1667 h.
1214 1622 1299 1680 IL),
1322 1625 1484 1666 calamo
1508 1623 1662 1666 colum-

93 1705 101 1708 <
157 1681 259 1727 bino
275 1682 458 1729 tenuior,
488 1681 681 1738 utrinque
699 1693 837 1730 acuta,
867 1679 1120 1731 fuscescens,
1150 1695 1276 1725 extus
1294 1681 1490 1724 subtiliter
1515 1697 1663 1740 granu-

157 1738 262 1788 losa,
294 1741 403 1781 intus
423 1753 565 1781 vacua.
627 1737 907 1781 Veficularum
935 1742 1116 1782 anterior
1141 1742 1387 1783 extremitas
1414 1745 1464 1796 (ἐν
1482 1741 1662 1799 longitu⁶

158 1798 282 1846 dinis>
300 1797 601 1857 integumentis
626 1796 775 1839 adnata
806 1797 884 1846 est,
926 1797 971 1841 ἀ
996 1814 1129 1856 prope
1148 1801 1311 1856 apicem
1329 1811 1509 1841 externo
1535 1801 1662 1842 utrin-

104 1893 113 1907 2
158 1871 241 1915 que
267 1871 373 1913 poro
409 1857 488 1911 (de
525 1854 675 1915 quibus
696 1854 837 1913 supra)
859 1855 959 1902 hiat.
1037 1856 1250 1901 Genitalia
1278 1871 1436 1916 organa
1465 1854 1545 1919 esse
1575 1872 1663 1900 non

148 1912 326 1979 dubito„

1504 2216 1664 2268 LUM-³
