1998 2701
680 188 864 247 'Qvoss'
987 191 1201 245 (14)
1317 190 1501 249 Qu&

333 291 448 335 suum
461 321 470 338 ,
503 288 575 348 qui
597 286 707 330 forte
723 286 792 331 hic
810 285 894 345 ipse
910 284 1050 331 noster
1069 284 1307 332 Lambricus
1329 290 1555 346 phalloides
1568 286 1638 342 est,
1653 289 1846 335 indutum

332 349 411 394 esse
433 348 532 391 dicit
551 348 643 404 Syst.
661 347 734 390 Ed.
751 347 846 389 XII.
868 357 908 403 p.
933 358 1054 403 1078.
1067 347 1131 404 sp.
1151 352 1221 400 7.).

451 407 564 449 Cutis
587 403 732 456 crassa,
764 404 949 458 robusta,
987 406 1030 448 in
1055 405 1304 450 transuersas
1337 406 1474 449 Zonas
1495 404 1613 448 sulcis
1643 406 1845 450 annulari-

326 465 406 511 bus
422 463 603 516 disseeta,
620 464 665 508 ὅε
680 464 761 508 hae
771 464 916 508 Zonae
932 479 1006 524 per
1023 463 1135 508 strias
1155 464 1479 523 longitudinales
1492 465 1532 506 in
1551 465 1724 523 paruula
1746 479 1846 526 qua-

328 525 445 569 drata
467 525 654 583 partitae.
713 521 803 567 Sub
830 524 925 566 cute
954 524 1125 566 chordae
1151 526 1374 567 tendineae
1392 523 1750 581 longitudinaliter
1775 524 1845 567 ad-

324 596 468 632 natae‚
524 582 733 632 arallelae‚
756 581 873 626 sulcis
889 582 1078 625 externis
1094 580 1415 641 respondentes;
1446 581 1560 625 unde
1574 582 1685 624 intus
1704 583 1843 627 oriun-

311 653 391 686 ‘tur
408 656 489 702 qua
508 656 519 684 ι
536 641 688 700 plicae,
716 640 785 684 seu
808 642 903 700 pori
931 641 1269 700 longitudinales.

444 700 667 744 Praeterea
702 699 915 759 singularis
944 699 1057 743 adest
1081 703 1240 756 vagina
1261 700 1290 756 ζ
1284 699 1362 757 fig.
1388 711 1423 746 8.
1442 701 1480 741 ἦ.
1502 700 1577 756 a),
1617 713 1725 759 quae
1748 698 1841 758 plus

355 774 452 802 uam
468 759 570 802 duas
591 759 732 802 tertias
749 760 956 818 corporis,
985 774 1119 820 usque
1145 759 1186 800 in
1204 773 1355 802 cavum
1382 759 1662 801 extremitatis
1681 758 1841 816 glandi-

323 775 472 862 ?ormis
485 851 496 868 ,
521 818 631 860 intus
648 815 828 861 obvestit
846 818 929 861 cuti
946 830 1071 878 atque
1087 815 1201 860 fibris
1226 815 1600 876 longitudinalibus
1617 832 1694 875 per
1716 815 1839 860 fibrii-

323 877 383 921 las
402 889 528 920 extus
545 877 765 920 tendineas
778 909 788 925 ,
816 874 1085 927 brefflffimas,
1109 874 1335 919 firmillime
1353 888 1478 936 atque
1503 873 1755 918 tenaciffime
1773 874 1840 918 ad-

321 947 455 979 texta.
512 936 635 979 Haec
654 934 939 979 consistentiae
958 933 1047 979 fere
1067 934 1124 979 est
1141 935 1379 984 tendineae,
1412 934 1455 976 6:
1477 946 1672 977 texturae
1690 934 1839 976 reticu-

322 993 676 1044 lato-clatlnatae,
701 993 795 1037 libri
811 994 1071 1053 quarundam
1096 992 1312 1044 arborum,
1343 993 1412 1036 vel
1431 996 1495 1045 (ut
1515 993 1648 1049 aptius
1667 1006 1836 1049 compa-

309 1058 433 1107 trem)
449 1053 653 1095 tibialium
674 1053 909 1095 nostrorum
929 1052 1140 1095 textilium
1159 1051 1383 1109 analogae‚
1400 1065 1424 1093 e
1441 1048 1555 1092 fibris
1574 1065 1729 1108 nempe
1748 1050 1837 1092 lon-

319 1110 619 1170 gitudinalibus
631 1140 653 1174 ,³
673 1123 748 1166 per
767 1108 1041 1152 creberrimas
1060 1107 1340 1150 anastomoi'es
1358 1108 1578 1149 connexis.
1638 1109 1836 1149 Anterius

319 1177 462 1226 aperta
480 1166 539 1208 est
555 1178 730 1222 vagina,
766 1178 892 1225 atque
918 1163 1085 1207 fimbria
1105 1163 1272 1208 carnosa
1297 1166 1480 1223 integra,
1523 1179 1663 1225 neque
1686 1166 1834 1208 reticu-

317 1228 422 1274 lata,
453 1221 713 1283 praefinitum
745 1236 868 1266 extra
884 1237 1011 1282 quam
1029 1222 1261 1266 inseruntur
1284 1221 1356 1281 ipsi
1381 1223 1560 1280 vaginae
1577 1222 1745 1266 musculi
1771 1238 1833 1267 re-

317 1282 524 1329 tractores
541 1280 797 1340 proboscidis
817 1279 1073 1340 granulosae.
1132 1282 1407 1338 IlsIusmlornm
1428 1282 1512 1323 duo
1530 1280 1620 1323 sunt
1634 1283 1761 1340 paria,
1779 1282 1832 1324 al-

318 1355 458 1387 terum
484 1342 526 1384 in
551 1341 679 1384 latere
703 1341 881 1384 ventrali
904 1338 976 1383 sub
1000 1337 1234 1398 oesophago
1254 1341 1363 1395 (litt.
1381 1340 1472 1395 lm),
1506 1338 1682 1382 alterum
1706 1341 1831 1397 paulo

317 1401 523 1445 remotius
547 1400 601 1441 ad
630 1399 758 1441 latera
783 1397 1004 1456 oesophagi
1026 1398 1208 1440 decurrit
1237 1399 1344 1459 (litt.
1362 1398 1432 1452 a).
1495 1397 1558 1439 Hi
1582 1397 1652 1440 ubi
1675 1399 1830 1441 collum

318 1459 387 1503 seu
404 1471 568 1516 partem
589 1455 852 1515 granulosam
871 1453 1038 1514 ingreffi
1053 1454 1142 1497 sunt
1158 1453 1398 1501 cralsei'cunt
1412 1453 1456 1497 ἃ
1487 1453 1708 1513 compressi
1731 1471 1829 1499 con-

317 1518 498 1575 fertique
522 1516 628 1558 circa
649 1512 928 1572 oel'ophagum
956 1512 1111 1557 arctius
1129 1513 1382 1571 colliguntur
1390 1529 1401 1560 3
1431 1511 1584 1555 dehinc
1601 1514 1828 1557 adtenuan-

316 1588 382 1620 tur
399 1573 557 1621 sensun,
573 1572 714 1616 versus
731 1588 779 1615 os
791 1574 834 1615 in
847 1586 981 1614 unum
994 1569 1128 1614 ferme
1144 1569 1394 1620 fasciculum,
1410 1569 1644 1630 oesophago
1655 1571 1828 1616 firmiter

306 1646 545 1678 connatum
560 1629 799 1681 confluunt,
823 1630 872 1674 ἁ
888 1631 930 1673 in
948 1627 1127 1673 limbum
1154 1631 1240 1672 oris
1265 1627 1503 1679 carnosum,
1539 1629 1724 1675 lacerum
1739 1644 1826 1675 tan-

309 1693 410 1738 dem
435 1689 637 1735 desinunt.
1149 1731 1152 1734 ,
1342 1708 1348 1713 -
1434 1718 1436 1721 -
1805 1727 1808 1730 .

392 1776 397 1780 2
432 1749 597 1792 Canalz's
621 1749 908 1791 alimentarias
932 1761 1081 1789 verme
1108 1746 1329 1804 aliquoties
1357 1746 1526 1805 longior
1551 1745 1725 1806 angusto
1740 1746 1823 1804 sesb-

306 1811 446 1867 phago
462 1808 593 1850 oritur
612 1806 709 1859 (litt.
728 1807 767 1849 cl.
783 1806 839 1857 d.)
857 1821 916 1849 ex
941 1803 1207 1848 infundibulo
1233 1806 1318 1848 oris
1348 1803 1513 1848 fimbria
1540 1805 1822 1848 lacera-coro-

311 1880 433 1916 nato,
476 1863 706 1924 sensimque
734 1862 950 1907 latescens:
995 1859 1111 1922 reela
1136 1862 1224 1906 fere
1248 1863 1609 1922 longitudinaliter
1629 1863 1822 1914 decurrit,

310 1926 534 1985 pergitque
562 1923 604 1965 in
626 1923 858 1975 intestinum
883 1921 1195 1981 subaequabile‚
1231 1921 1392 1964 calamo
1416 1920 1661 1965 columbino
1695 1922 1820 1980 paulo

310 1984 523 2041 capacius,
553 1996 687 2042 usque
705 1982 747 2023 in
772 1982 995 2023 cauiratem
1012 1980 1291 2022 extremitatis
1316 1978 1607 2038 glandiformis
1632 1980 1818 2037 capacio-

305 2042 362 2085 ris
386 2039 470 2083 sme
498 2039 680 2083 flexibus
713 2039 972 2097 procedens,
1000 2036 1073 2081 ubi
1106 2039 1148 2080 in
1171 2052 1294 2094 gyros
1324 2039 1593 2096 componitur
1621 2037 1818 2096 spiraliter

307 2098 582 2147 conuolutos‚
613 2099 749 2141 euntis
770 2097 1068 2158 redeuntisque
1086 2094 1266 2139 intestini
1282 2096 1484 2145 alternos,
1511 2097 1733 2139 cauitatem
1752 2107 1816 2137 to-

303 2169 398 2204 tam
416 2157 661 2217 explente3‚
690 2171 765 2215 per
788 2155 1005 2216 angustam
1021 2169 1125 2201 vero
1149 2155 1337 2214 corporis
1356 2166 1521 2214 partem
1540 2154 1719 2199 redeuns
1744 2153 1816 2196 de-

1728 2227 1817 2256 nuo
