1998 2701
499 179 682 237 ''Q->W
799 182 820 233 <
876 186 933 238 77
990 183 1009 234 )
1124 179 1319 248 ’θὶωεὶθ

125 324 134 329 ,
267 275 395 328 Quae?
408 277 449 319 in
465 274 676 334 spirituoso
691 275 853 334 liquore
868 274 1015 320 crebro
1033 273 1257 319 afferuntur
1271 275 1390 328 hujus
1406 274 1550 320 Onisci
1564 274 1653 335 spem

151 335 324 384 cimina,
367 335 525 394 pedum
556 333 602 376 ἅτ
630 333 963 391 pedunculorum
988 334 1218 377 naturalem
1244 333 1365 376 fitum
1393 331 1649 378 conservant.

150 391 346 444 Pulchre,
378 395 419 435 in
434 407 592 450 magno
610 406 757 434 eorum
774 407 973 441 numero,
1010 390 1229 436 observavi
1250 391 1455 450 infignem
1478 390 1652 435 femina-

149 466 242 493 rum
257 466 281 493 a
297 450 484 494 masculis
503 448 801 499 differentiam,
829 464 905 508 per
922 449 1020 492 folia
1035 462 1213 509 quatuor
1231 449 1481 499 abdominis,
1509 450 1650 493 conni-

148 510 310 557 ventia3
326 510 431 550 intra
440 522 547 566 quae
558 507 626 550 vel
635 507 871 556 ovulorum,
880 508 947 551 vel
958 506 1221 551 exclusorum
1231 507 1526 552 Onisculorum
1536 523 1650 551 com-

146 564 319 624 paftum
337 566 545 610 Glomum
560 565 805 625 plerumque
822 567 976 609 inveni.
1037 566 1196 611 Carent
1217 565 1284 609 his
1306 581 1466 614 mares3
1510 566 1555 608 &
1572 567 1648 607 mi-

145 639 299 667 norum
316 623 589 684 speciminum
605 639 690 682 quo
723 639 776 666 ue
791 624 904 667 nulla
919 625 969 666 iis
983 623 1178 668 instrucka
1196 626 1303 673 vidi,
1333 625 1526 684 quamvis
1549 623 1648 666 ideo

146 679 351 725 affirmare
367 698 454 725 non
471 680 613 731 ausim,
648 638 875 739 pdbertatis
892 695 1085 740 ternpore
1099 681 1207 726 haec
1223 683 1367 726 foliola
1383 682 1554 725 demum
1571 696 1647 724 ex-

145 739 362 786 crescere„
414 741 561 782 Foetus
578 751 691 782 certe
714 740 738 783 s.
756 741 855 798 pulli
878 741 985 783 intra
1008 742 1213 784 variarum
1238 741 1488 784 feminarum
1505 739 1650 782 foliola

145 799 354 857 gregatim
369 799 544 856 reperti,
573 797 848 856 microscopio
867 800 1119 848 examinati,
1146 799 1258 842 nulla
1283 800 1460 840 omnino
1481 796 1648 840 foliolo·

144 870 237 898 rum
265 856 437 915 vestigia
463 855 742 898 ostenderunt.
835 856 1042 914 Apprime
1067 872 1171 900 vero
1203 859 1373 899 miratus
1396 855 1502 904 sum,
1534 853 1650 914 quod

144 915 379 956 eorundem
400 913 745 972 formagracilis,
778 912 1188 972 scolopendriformis
1212 911 1367 957 exaffe
1391 912 1488 955 esset
1510 912 1650 954 fimilis

128 971 278 1027 speciei
282 972 511 1028 sequentis,
538 975 651 1024 cujus
667 972 861 1020 minima,
891 971 1133 1030 vulgaribus
1149 973 1327 1014 Poduris
1356 972 1433 1014 vix
1457 971 1650 1028 longiora

142 1027 366 1086 specimina
381 1030 438 1071 ita
455 1028 655 1077 referunt,
685 1041 743 1077 ut,
773 1027 848 1070 nifi
864 1030 971 1071 intra
988 1033 1130 1072 matris
1153 1030 1338 1072 diversae
1357 1030 1498 1071 alvum
1513 1041 1648 1086 paene

141 1088 307 1144 reperti,
337 1102 414 1143 pro
432 1087 584 1130 iisdem
601 1088 778 1128 omnino
791 1085 1060 1130 haberentur.
1116 1087 1247 1130 Paulo
1263 1087 1488 1130 adultiores
1506 1095 1650 1127 tamen

142 1142 326 1186 Oniscos
351 1143 474 1190 Ceti,
515 1143 638 1198 pulici
663 1142 825 1182 circiter
849 1141 964 1183 mole
984 1156 1128 1199 pares,
1156 1145 1308 1185 eadem
1333 1140 1488 1186 exaste
1514 1142 1652 1185 forma

142 1197 222 1243 esse
242 1198 478 1249 observavi,
509 1213 591 1258 qua
606 1198 737 1257 vulgo
756 1197 856 1240 sunt'
866 1199 1007 1241 adulti.

536 1293 1254 1359 DESCRIPTIO

432 1391 1364 1457 ONISCchETL

555 1499 665 1550 Tah.
684 1500 779 1549 JV.
823 1501 1013 1567 Fig.14.
1034 1502 1096 1551 A,
1117 1502 1176 1550 B.
1196 1502 1247 1551 C.

146 1579 321 1660 Corpus
341 1604 383 1645 in
403 1602 474 1645 suo
491 1617 649 1662 genere
669 1603 910 1646 anomalum
923 1636 935 1653 ,
968 1604 1084 1647 scuto
1110 1604 1324 1663 caudaque
1343 1603 1506 1663 prorsus
1529 1604 1648 1649 desti-

139 1675 288 1705 tutum.
347 1662 600 1716 Magnitudo
616 1662 745 1703 rarius
761 1660 877 1719 supra
891 1660 1036 1721 figuris
1053 1660 1287 1720 expressam
1306 1664 1399 1720 (fig.
1418 1666 1527 1719 Α.)

255 1716 463 1761 Ιηΐεὲὶυιῃ
492 1730 657 1776 praeter
683 1731 807 1776 caput
832 1720 1049 1775 segmentis·
1079 1720 1235 1763 constat
1265 1720 1390 1772 senis,
1433 1722 1477 1763 in
1503 1720 1648 1764 medio

140 1775 261 1820 dorso
288 1774 613 1825 confluentibus,
645 1776 696 1819 ad
722 1777 849 1819 latera
874 1776 1082 1834 profunde
1105 1776 1304 1827 dissertis,
1332 1779 1560 1826 convexis,
1589 1791 1649 1821 at·

138 1850 221 1894 que
245 1838 435 1876 truncato
463 1832 626 1876 obtufis.
686 1834 856 1877 Horum
881 1834 1127 1885 secundum,
1165 1837 1419 1894 tertiumque
1440 1834 1646 1886 latissima:

139 1910 165 1946 4
185 1893 230 1935 dc
250 1907 271 1946 5
289 1892 513 1934 verruculis
531 1890 668 1934 subtus
686 1893 874 1941 minutis,
935 1895 1015 1936 rius
1039 1893 1170 1943 binis,
1196 1893 1399 1952 posterius
1422 1896 1646 1955 quaternis.

198 1984 201 1985 ν
258 1951 386 2004 Caput
417 1951 702 1999 urceolatum‚
747 1949 894 1994 obtufil
914 1967 1072 2001 unum,
1114 1967 1182 1995 ore
1216 1953 1428 2010 papillati,
1471 1954 1645 2003 murico,

139 2009 322 2051 edentulo
343 2007 436 2063 (fig.
453 2009 497 2049 B.
507 2009 541 2059 ).
601 2005 763 2050 Punsta
782 2025 803 2051 2
824 2010 866 2051 in
881 2008 1020 2053 fronte
1035 2011 1215 2059 minuta,
1245 2012 1384 2069 nigra;
1414 2026 1466 2053 an
1481 2012 1613 2055 oculi?

254 2067 470 2107 Antemnae
494 2067 536 2108 in
562 2065 678 2122 apice
700 2066 839 2115 rostri,
871 2066 1162 2117 craffiuscnlae,
1194 2069 1501 2118 triarticulatae,
1529 2084 1642 2127 prae-

136 2134 201 2164 ter
216 2123 480 2167 terminalem
495 2122 768 2167 exiliffimam.
826 2126 1086 2169 Antemmlttc
1103 2125 1173 2171 sub
1190 2127 1270 2169 istis
1288 2124 1453 2178 similes,
1483 2126 1551 2170 sed
1568 2129 1644 2170 mi-

131 2178 379 2237 Vnutiffimae.
932 2183 974 2226 K
1011 2200 1031 2239 3
1548 2185 1642 2230 Sub
