1998 2701
550 199 711 260 ’Ξῆἅὲ
830 199 1273 258 (21)Ὤῆᾱὲ

268 307 476 354 Colomm
494 309 547 354 sic
559 310 934 353 enim-mutationes
943 309 1067 369 quid?
1098 306 1172 351 nisi
1181 307 1370 351 maxime
1380 306 1503 349 elima
1517 303 1563 349 ὅι
1577 319 1652 348 nu—

152 368 397 410 trimentum
413 368 668 413 effecerunt?
697 367 968 419 Quotidianis
981 367 1190 426 exemplis
1209 368 1441 409 etiamnum
1450 364 1654 408 docemur

150 439 175 468 a
191 425 499 484 septentrionali
515 427 560 470 <32
579 426 719 484 alpino
735 425 894 485 frigore
909 426 1086 484 plurima
1101 425 1294 468 animalia
1309 423 1456 483 sponte
1476 419 1652 466 albesce-

149 499 217 532 re3
246 496 292 526 ut
308 484 568 543 Lagopodas
588 483 632 527 &⁷
654 484 856 542 Vulpium
875 484 1095 527 nonnullas
1112 482 1267 542 species
1291 482 1336 525 &
1359 482 1402 524 in
1426 480 1653 525 Scandina·

149 543 219 585 via
235 542 516 586 &Helvetiae
527 541 730 585 montofis
749 542 951 601 Lepores.
1011 542 1215 587 Canariae
1232 542 1272 583 in
1291 541 1508 599 Europam
1524 550 1653 581 trans-

148 600 256 643 latae
276 599 421 643 sensnn
445 599 666 644 laffilzescere
684 613 926 660 coeperunt.
987 600 1214 659 Gallopavi
1231 601 1420 643 nativum
1435 599 1652 656 nigrorem

148 659 192 701 in
216 658 357 702 nostro
374 660 539 703 climate
555 658 701 702 sensim
726 675 856 709 cano,
885 658 1000 709 albo,
1030 657 1228 718 flavoque
1252 668 1487 706 mutarunt,
1515 667 1593 698 cet.

265 741 386 793 Quid
408 758 535 800 porro
557 742 793 787 evidentius
818 743 908 786 vim
924 740 1126 800 pabuli&
1149 740 1340 784 locoru-m
1366 742 1409 783 in
1437 736 1652 782 coloribus

146 798 192 841 ὄε
210 811 354 842 natura
373 801 614 842 animalium
631 801 843 842 mutandi-s
860 799 1010 856 probat
1022 832 1032 849 ,
1061 814 1187 858 quam
1203 813 1310 856 quae
1327 800 1369 840 in
1389 797 1587 840 armentis
1604 795 1650 838 &

145 871 300 915 pecore
326 858 458 915 vulgo
486 856 767 900 observamus.
839 858 986 900 Boves
1015 857 1129 899 feros
1155 856 1313 899 Insulae
1329 856 1375 898 T
1378 856 1510 904 inian,
1543 868 1650 917 quae

146 914 205 957 est
221 930 245 958 e
262 913 535 958 Ladronibus
555 930 658 965 una,
687 916 838 959 niveos
864 929 1015 957 omnes
1041 912 1122 957 effe
1151 913 1428 956 ANSONius
1450 912 1647 971 prodidit.

143 971 296 1017 Frifiae
316 985 504 1016 armenta
514 973 645 1032 vulgo
656 971 862 1016 maculosa
880 971 987 1021 sunt3
1019 972 1321 1031 Hungariae&
1338 971 1539 1014 Podoliae
1551 985 1649 1013 con·

144 1031 297 1074 stanter
320 1046 343 1075 e
367 1047 474 1074 cano
506 1031 659 1075 albent.
721 1031 786 1076 Ut
820 1032 920 1074 alias
944 1044 1128 1080 taceam,
1168 1032 1296 1073 etiam
1316 1028 1483 1073 habitus
1502 1029 1648 1072 totius-

146 1104 229 1149 que
246 1089 408 1133 formae
432 1089 690 1134 diversitates
700 1091 742 1133 in
763 1088 1008 1133 animalibus
1026 1087 1261 1132 domesticis
1283 1090 1489 1132 variarum
1510 1087 1647 1146 regio-

145 1164 250 1190 num
269 1147 417 1191 obvias
431 1181 440 1197 ,
472 1164 573 1207 quas
592 1150 668 1191 vix
683 1149 903 1206 temperiei
919 1148 1001 1191 loci
1016 1147 1061 1191 ἃ
1079 1160 1250 1191 naturae
1266 1147 1408 1206 pabuli
1430 1145 1645 1191 tribueres.

145 1205 256 1258 Quis
275 1207 388 1249 enim
406 1204 637 1249 credidisset
658 1208 701 1249 in
726 1207 962 1265 Virginiam
990 1207 1206 1249 translatas
1228 1206 1416 1250 Gallinas
1439 1204 1646 1253 caudatas,

142 1262 455 1323 urrhopygium
480 1280 576 1307 cum
598 1262 842 1309 reekricibus
868 1263 1080 1308 amiffuras
1104 1263 1238 1313 suisse3
1285 1264 1402 1324 quod
1427 1279 1452 1306 e
1481 1265 1642 1307 Cim-

142 1337 262 1365 TONI
288 1335 429 1365 tamen
442 1321 734 1367 observatione
749 1322 940 1366 discimus
955 1325 1087 1380 (confi
1098 1324 1179 1378 EJ„
1190 1324 1351 1366 litteras
1361 1326 1406 1365 in
1423 1322 1644 1379 Mfiellan.

144 1381 297 1438 Cztriqss
318 1381 489 1424 Lovdim
507 1398 628 1437 1727.
643 1384 768 1428 8.v0l.
782 1383 854 1424 III.
871 1393 910 1438 p.
928 1384 1058 1438 330).
1115 1381 1373 1435 Hujusmodi
1390 1381 1645 1424 mutationes

139 1438 300 1482 morbis
318 1439 523 1482 endemiis
533 1441 765 1500 comparari
780 1438 962 1498 possunt,
982 1442 1071 1483 imo
1087 1440 1245 1499 saepius
1255 1439 1307 1483 ab
1317 1440 1517 1483 endemio
1531 1437 1642 1481 forte

140 1496 293 1540 morbo
312 1498 607 1555 producuntur.
668 1498 757 1550 Qui
776 1500 889 1541 enim
907 1500 1005 1541 alias
1022 1511 1161 1541 ortum
1180 1497 1486 1556 explicabimus
1510 1500 1640 1553 nigri-

134 1556 300 1611 pellinm
326 1554 470 1598 Indiae
497 1557 779 1605 Gallinarum,
819 1572 925 1616 quae
950 1557 995 1599 c&
1019 1558 1122 1599 cutis
1148 1557 1381 1599 mutatione
1411 1555 1457 1598 ὄῑ
1482 1555 1640 1613 plumae-

138 1628 234 1656 rum
251 1614 293 1655 in
312 1613 440 1656 molle
458 1612 591 1657 vellus
608 1615 960 1672 degeneratione,
997 1614 1261 1674 Nigritarum
1288 1616 1330 1656 in
1354 1613 1542 1656 humano
1566 1627 1639 1671 ge-

136 1686 238 1714 nere
257 1686 359 1714 vere
379 1672 568 1715 aemulae
587 1671 697 1719 sunt3
726 1685 796 1714 aut
819 1673 930 1715 unde
943 1673 1170 1727 stampenses
1195 1673 1381 1715 Gallinas
1404 1683 1544 1714 ortum
1567 1672 1636 1714 du-

137 1727 241 1773 xisse
259 1729 457 1779 dicamus,
474 1745 648 1788 quarum
663 1728 980 1789 antiquissimam
1000 1729 1080 1774 effe
1097 1730 1263 1789 stirpem
1283 1745 1307 1773 e
1335 1730 1514 1772 Pmmo
1530 1729 1636 1785 (hist.

139 1798 225 1830 nat.
243 1788 308 1829 lib.
325 1788 379 1829 X.
404 1799 484 1844 cap.
508 1791 599 1844 56.)
625 1788 835 1837 discimus,
865 1788 910 1831 c&
933 1804 1107 1848 quarum
1132 1790 1300 1846 plumae
1320 1786 1552 1847 promiscue
1577 1787 1638 1829 ni-

141 1860 263 1904 grae,
300 1860 449 1895 canae,
489 1847 639 1890 niveae
667 1860 744 1890 cet.
777 1845 1070 1896 observantur,
1130 1861 1370 1906 quanquam
1402 1845 1637 1889 constanter

139 1904 245 1946 eutis
261 1918 337 1962 per
352 1915 489 1946 totum
508 1920 658 1964 corpus
676 1903 786 1965 qual-‘1
811 1906 998 1965 aurigine
1019 1904 1178 1950 imbuta
1194 1904 1257 1951 fit.

225 1995 363 2038 Simili
372 1995 460 2040 fere
471 1998 631 2040 ratione
639 2014 716 2056 pro
734 1997 887 2041 morbo
905 1997 1015 2057 quasi
1029 1997 1308 2042 haereditario
1319 1993 1535 2041 habendas
1553 1992 1635 2038 esse

136 2065 288 2112 reputo
310 2056 446 2109 cm‘staes
472 2054 539 2097 seu
563 2059 701 2112 tophos
726 2057 968 2115 plumaceos
989 2056 1139 2117 quibus
1155 2057 1376 2099 nonnullas
1392 2054 1636 2098 domestica·

135 2127 230 2155 rum
244 2112 384 2154 avium
400 2145 409 2161 ‚
444 2129 554 2171 mgr.
571 2115 764 2171 Anfhres,
796 2117 1036 2171 similamur
1047 2131 1202 2174 genus,
1230 2115 1440 2157 Colmnlms
1463 2112 1635 2156 cuculla-

135 2182 218 2220 ωε,
246 2169 291 2213 δε
309 2172 551 2227 Paffi’rculos
573 2173 769 2216 Cmmrios
795 2186 1021 2276 corgnatos
1048 2173 1259 2217 interdum
1282 2171 1491 2232 superbire
1517 2172 1632 2215 vide-

926 2247 947 2284 3
1526 2245 1632 2272 mus.
