1998 2701
815 240 974 300 ’Ξὴσῖέ
1089 244 1242 299 (18)
1356 245 1516 304 'effe‘

414 387 417 391 .
441 407 448 416 ἓ
528 348 661 392 Pinna
679 346 819 449 cqudae
838 348 1145 405 decemradiata,
1185 349 1452 409 subaequalis,
1488 354 1625 412 radiis,
1661 367 1821 413 praeter
1842 369 1914 399 ex-

422 418 559 461 timos,
587 419 699 450 ramo
717 419 760 449 is.

805 507 1587 586 MENSURAE„

417 578 693 688 Longitudo
719 642 799 674 tota
816 631 866 674 ab
884 645 954 674 ore
972 631 1023 674 ad
1043 633 1208 689 pinnam
1228 635 1374 678 caudae
1489 658 1540 666 —
1689 636 1741 681 1‘.
1766 637 1827 678 111.
1840 636 1918 685 8111.

416 717 467 724 --
578 690 721 745 pinnae
747 687 917 730 caudalis
1140 717 1192 725 -
1408 715 1459 724 —-
1683 707 1710 734 0
1753 705 1790 733 2.
1824 698 1861 735 6.

417 745 607 788 Distantia
631 746 791 786 narium
807 747 928 787 unius
955 745 1086 787 lateris
1104 746 1205 788 inter
1225 746 1262 789 se
1462 776 1511 785 -
1683 760 1711 790 0
1757 761 1796 788 0.
1830 763 1865 799 3.

419 825 469 832 —
578 815 600 842 a
620 802 876 856 comparibus
905 802 1064 844 alterius
1093 803 1222 845 lateris
1443 832 1493 839 -
1682 818 1709 846 0
1764 816 1796 844 1.
1832 816 1893 845 10.

415 883 467 890 --
576 858 822 899 anteriorum
838 859 994 900 narium
1021 872 1042 900 a
1060 860 1243 915 margine
1270 859 1360 903 labii
1522 883 1573 891 —
1685 874 1724 901 0.
1761 873 1799 899 0.
1826 863 1865 900 6.

414 912 621 955 Diameter
650 913 863 955 oculorum
1085 939 1137 946 —
1355 942 1405 949 -
1679 927 1719 956 0.
1756 927 1797 957 0.
1831 929 1866 966 3.

416 966 610 1010 Latitudo
629 969 752 1011 rietus
785 971 1055 1013 transvershlis
1204 993 1255 998 -
1474 991 1523 999 —-
1687 984 1736 1014 0·.
1759 982 1795 1009 2·
1824 982 1864 1009 0·

416 1023 580 1064 Maxilla
605 1023 770 1065 inferior
798 1024 1000 1079 superiore
1030 1028 1191 1082 longior
1409 1053 1459 1061 --
1518 1020 1524 1024 ’
1680 1038 1707 1066 0
1747 1037 1785 1064 0.
1827 1024 1865 1065 6.

415 1078 622 1137 Diametet-
636 1080 827 1121 acetabuli
854 1080 1171 1136 longitudinalis‚
1205 1086 1285 1129 sine
1309 1081 1434 1124 limbo
1682 1093 1709 1120 Ο
1761 1092 1796 1132 3·
1830 1093 1865 1121 1·

417 1162 468 1168 ,.-
584 1136 763 1184 CJUSde
800 1138 1061 1173 trallsvcrsalis
1185 1168 1235 1174 .-.
1407 1165 1458 1171 -
1687 1148 1714 1176 0
1767 1148 1803 1176 2.
1834 1140 1873 1177 6·

419 1188 608 1231 Distantia
624 1187 674 1229 ab
691 1188 801 1228 initio
819 1188 963 1242 pinnae
992 1187 1142 1229 caudae
1176 1187 1227 1228 ad
1254 1187 1411 1229 initium
1439 1191 1598 1229 dors-'dlis
1693 1204 1736 1232 ο.
1765 1203 1801 1232 2.
1830 1197 1892 1243 4{.

778 1285 1567 1338 ANATOME.

418 1356 586 1431 Pleura
603 1389 711 1430 intus
731 1386 926 1428 aterrima.
983 1383 1196 1427 Acetabulo
1226 1383 1427 1439 subjacent
1454 1384 1619 1426 musculi
1648 1398 1824 1441 quatuor
1848 1405 1915 1433 ro-

418 1444 645 1498 bustiffimi,
674 1441 931 1486 contractioni
951 1455 989 1484 et
1006 1441 1218 1484 dilatationi
1238 1441 1417 1495 ejusdem
1437 1439 1661 1484 servientes.

537 1529 661 1573 Renes
682 1529 806 1570 statim
833 1526 883 1568 ad
909 1540 1029 1582 caput
1062 1529 1250 1569 oriuntur
1277 1539 1300 1567 e
1327 1525 1490 1567 duobus
1514 1524 1614 1567 lobis
1651 1528 1846 1582 posterius
1869 1532 1919 1574 ad

424 1586 448 1629 s
470 1587 573 1628 inam
609 1587 649 1627 in
684 1598 812 1627 unum
848 1583 995 1635 coalui,
1032 1596 1071 1625 et
1104 1584 1232 1638 spinae
1269 1581 1607 1636 longitudinaliter
1631 1584 1920 1630 incumbentes.

472 1650 615 1684 reteres
644 1656 665 1684 e
690 1641 908 1696 posteriore
937 1653 1048 1695 parte
1075 1639 1180 1694 du0‚
1216 1651 1395 1695 quorum
1420 1638 1588 1693 quilibet
1602 1638 1652 1681 ad
1676 1642 1918 1695 peculiarem

424 1699 591 1742 veficam
613 1699 747 1741 tendit.

543 1782 590 1827 V
591 1783 676 1833 elica
694 1780 878 1825 urinaria
897 1783 1068 1838 gemina,
1100 1783 1137 1824 in
1161 1782 1305 1839 quovis
1325 1780 1401 1824 alvi
1418 1779 1658 1833 latei-euna,
1682 1780 1762 1824 fine
1787 1797 1917 1826 exem-

428 1839 495 1895 plo
514 1841 766 1895 ampliffimag
791 1852 962 1894 utraque
981 1841 1126 1896 postice
1146 1839 1343 1895 producta
1367 1837 1540 1880 coalescit
1559 1839 1597 1879 in
1619 1837 1792 1879 Cloacam
1813 1854 1918 1882 com·

427 1911 593 1938 munem
613 1896 679 1938 seu
699 1896 845 1938 collum
865 1909 937 1935 auo
967 1896 1175 1948 insertum,
1205 1895 1411 1941 arfflffime
1438 1893 1589 1951 elauso3
1621 1895 1692 1951 qui
1708 1894 1836 1950 presso
1852 1896 1915 1937 ab·

430 1952 592 1996 domine
611 1953 767 1994 urinam
787 1965 880 1993 cum
908 1953 1062 2008 impetu
1082 1951 1258 2006 emingit.

537 2038 699 2095 Reliqua
719 2034 805 2080 fere
821 2048 867 2080 ut
881 2037 922 2080 in
938 2037 1066 2081 Cottis
1084 2034 1336 2093 quibusdam,

1820 2196 1914 2239 CY-
