1998 2701
492 200 676 258 Qessss
790 202 815 257 1(
873 205 1004 258 37)
1119 203 1304 263 Qess*

145 297 283 342 stituta
297 295 388 340 sint.
446 297 606 342 Suadet
623 297 708 341 hoc
730 298 908 357 analoga
930 299 1207 358 capitulorum
1230 299 1430 346 structura
1454 302 1497 344 in
1520 303 1651 346 Tubu-

146 357 276 405 laria,
305 370 431 414 quam
453 371 635 399 mmmm
655 358 808 399 vocavi
839 357 1024 413 (Elench.
1041 358 1189 414 Zooph.
1214 374 1255 402 n.
1272 375 1339 413 40.
1341 361 1392 415 ),
1426 359 1472 403 &
1493 359 1551 403 ibi
1565 364 1650 414 Jam

143 414 316 473 polypis
330 413 692 457 racemiformibus
707 415 750 456 in
768 413 917 458 siccato
932 415 1157 475 specimine
1178 417 1410 462 instruuam
1425 416 1652 476 apparuisse

142 473 303 515 monui.
363 473 523 530 Accepi
536 472 716 515 eandem
763 473 874 516 ostea
890 485 1118 524 recentem,
1134 473 1180 518 ὄε
1194 475 1381 534 polypos
1399 480 1486 529 ejus
1500 474 1568 519 seu
1587 491 1651 519 ca-

142 529 272 588 pitula
286 529 393 572 intra
411 528 580 579 tubum,
614 545 725 588 angu
761 547 788 573 o
807 531 916 574 collo
933 531 1219 582 adtenuatum‚
1248 532 1403 577 retrahi
1419 550 1507 576 non
1523 531 1652 592 posse,

143 587 298 630 eodem
331 602 385 630 ue
402 588 535 631 modo
547 620 560 637 ‚
587 603 634 630 ac
652 590 801 646 Coryne
819 588 864 632 &
879 590 998 642 affine
1012 589 1071 633 illi
1085 589 1385 649 Zoophytum‚
1415 593 1522 635 circa
1538 590 1651 635 basm

144 660 229 689 ova
247 660 316 688 cre
350 646 500 689 errima
521 646 722 704 proferre.
797 646 930 692 Unde
956 648 1277 692 extendendum
1301 647 1383 692 esse
1401 648 1652 694 Tubularia-

140 718 235 746 rum
256 702 545 748 charaeterem
562 706 828 763 genericum,
853 705 957 749 olim
970 704 1236 756 exhibitum,
1266 717 1451 766 apparet.

259 776 368 823 Casu
394 779 436 821 in
468 780 626 821 Tabula
650 777 812 832 adJ'esta
835 779 894 823 est
906 781 986 837 fig.
1009 798 1067 823 10.
1093 796 1201 841 quae
1226 781 1405 825 exhibet
1434 783 1654 825 Brachioni

142 834 323 894 speciem
342 837 567 881 marinam,
597 838 788 880 nondum
804 836 1067 901 descriptam,
1097 840 1270 881 naturali
1289 839 1580 898 magnitudine
1598 838 1654 881 ad

142 896 182 936 h.
198 893 243 936 &
259 894 382 938 aucta
400 909 535 953 prope
550 896 630 936 litt.
648 895 701 937 H,
759 895 883 939 Haec
897 894 1053 955 species
1067 929 1078 946 ,
1108 911 1236 958 quam
1253 898 1300 939 B.
1317 912 1510 940 cernuum
1527 909 1652 940 voca-

141 966 254 1001 rem,
284 952 425 1010 pulcre
444 951 501 995 sui
517 954 685 1010 generis
703 950 948 997 affinitatem
972 968 1070 996 cum
1092 955 1325 998 Sertulariis
1348 971 1426 1014 per
1448 955 1489 998 S.
1511 954 1653 1009 vm‘flo-

142 1025 235 1051 ram
256 1011 346 1065 (El.
367 1012 515 1065 Zooph.
535 1025 575 1052 71.
599 1026 665 1061 70.
666 1011 695 1065 )
713 1010 757 1053 ὄε
776 1013 991 1054 volubilem
1014 1017 1080 1067 (η.
1098 1028 1166 1063 71.
1166 1014 1195 1068 )
1215 1011 1449 1058 confirmat.
1504 1012 1655 1055 Inveni

141 1081 343 1123 magnam
351 1066 471 1120 hujus
488 1066 637 1123 speciei
652 1083 830 1123 gregem
842 1070 883 1110 in
894 1070 1056 1111 ramulo
1069 1068 1567 1126 L*ell22lariae{salicor72iae,
1576 1083 1656 1112 nec
1710 1118 1716 1128 ,

141 1121 216 1164 nifi
233 1133 424 1164 mortuos
440 1122 660 1164 obseruase
675 1123 806 1179 potui.
864 1122 1111 1165 Pedunculo
1131 1124 1264 1181 piloso
1281 1127 1332 1166 ab
1352 1126 1549 1167 omnibus
1558 1127 1656 1167 Bra-

143 1178 308 1222 chionis
330 1194 529 1238 aquarum
556 1178 739 1220 dulcium
763 1179 922 1228 differt,
954 1192 1002 1222 Vt
1024 1179 1070 1222 (Sc
1096 1181 1283 1238 capitulis
1306 1181 1554 1240 plerumque
1570 1196 1656 1224 cer-

144 1238 253 1285 nuis.
313 1237 439 1280 Haec
455 1236 632 1295 capitula
677 1235 758 1279 nasi
775 1236 934 1295 capsula
951 1235 1183 1280 tenuiffima
1203 1239 1373 1281 loricata
1390 1239 1605 1287 videntur,
1630 1254 1655 1282 e

144 1299 256 1349 cujus
277 1307 468 1353 apertura
483 1306 648 1337 tentacu
667 1309 690 1337 a
709 1307 902 1338 contorta
922 1296 1176 1352 prominent.
1232 1295 1512 1355 Transparent
1527 1294 1654 1339 visee-

143 1368 208 1402 αι,
233 1367 341 1412 quae
358 1351 545 1395 constant
562 1353 810 1402 ventriculo,
839 1352 884 1395 ὅε
900 1351 1017 1395 sacco
1034 1354 1076 1395 in
1097 1353 1263 1412 capituli
1282 1353 1428 1403 fundo,
1451 1354 1504 1397 ad
1525 1369 1655 1412 quem

144 1413 294 1454 canalis
314 1425 338 1452 a
356 1409 587 1452 ventriculo
604 1410 739 1452 tendit
767 1413 879 1466 (vm'.
897 1413 955 1452 acl
968 1412 1047 1452 litt.
1062 1412 1136 1466 g.)
1166 1410 1210 1452 <32
1238 1415 1349 1464 cujus
1374 1413 1481 1470 apici
1503 1411 1658 1454 adhae-

140 1481 205 1511 ret
216 1468 347 1511 viscus
361 1481 542 1525 opacum
553 1499 564 1515 ‚
580 1465 714 1509 forsan
726 1468 930 1510 ouarium.
990 1467 1080 1511 Sed
1094 1466 1279 1511 haechic
1293 1469 1430 1514 obiter
1438 1485 1452 1518 ;
1479 1471 1656 1513 GAERT³

143 1540 295 1570 NERUM
321 1526 463 1584 potius
482 1524 712 1567 audiamus.

656 1638 683 1666 ἕ
889 1639 916 1665 ᾗ
1120 1640 1148 1667 ᾗ

243 1710 281 1762 1.
306 1708 715 1762 BOTRYLLUS
735 1706 943 1759 stellatus
963 1708 1282 1764 GAERTNERI
1307 1711 1358 1759 in
1375 1712 1552 1762 Litter.

331 1785 627 1852 Alcyonium
654 1783 921 1835 Schlofferi.
985 1784 1065 1835 El.
1103 1785 1268 1850 Zooph.
1289 1802 1338 1836 n.
1364 1797 1467 1845 208.

142 1878 395 1958 „Botryllm
413 1902 581 1957 dac‘lylis
596 1902 850 1957 aggregatis,
868 1900 1056 1954 stellatis,
1083 1900 1221 1957 usialis
1236 1902 1458 1958 dorsalibus
1471 1903 1661 1945 dentatis.

146 1962 296 2017 Corpus
313 1958 838 2018 gelatinoso-crustaceum,
865 1970 1016 2008 tenue,
1043 1957 1402 2018 subdiaphanum,¹
1431 1961 1556 2003 variis
1571 1957 1659 2002 sub«

143 2019 311 2062 marinis
332 2018 549 2066 adflatum,
573 2017 725 2059 coloris
747 2016 816 2060 vel
833 2014 951 2065 fusci,
977 2017 1044 2059 vel
1064 2032 1123 2060 ex
1143 2032 1280 2076 aqueo
1298 2016 1603 2061 cinerascentis.

260 2094 452 2150 Organa:
481 2091 640 2149 dactyli
656 2091 804 2136 clavati
817 2120 835 2141 ‚r
857 2090 1059 2140 immerfi,
1077 2092 1267 2134 radiatim
1286 2090 1485 2150 dispositi,
1516 2091 1651 2149 longi-

143 2151 316 2195 tudinali
333 2150 442 2193 sulco
464 2148 646 2208 superius
663 2151 822 2193 exarati
832 2148 1112 2249 ‚Eduplicique
1139 2149 1339 2207 perforati
1364 2151 1486 2204 osti05
1514 2150 1662 2246 altertcg,

917 2222 937 2258 3
1555 2220 1605 2249 ex
1654 2226 1662 2234 v
