1998 2701
766 184 926 246 Qec-eff
1038 186 1190 242 (30)
1301 185 1464 246 §aaa

378 295 479 339 SW.
513 294 739 337 advolantes
764 303 804 336 et
827 292 956 336 abitus
993 303 1175 349 tempore
1207 291 1352 338 eodem
1378 304 1598 340 remeantes
1632 297 1860 340 observatae

377 352 465 395 sunt
485 362 673 391 catervae.

484 405 588 459 Jure
621 406 784 446 miratus
811 405 866 445 est
898 404 1202 447 STELLERvs
1248 403 1480 447 Diomedeas
1502 408 1600 448 circa
1628 407 1864 449 Kamtschat·

377 462 468 502 kam
495 473 748 514 nequaquam
775 460 993 509 nidificare,
1031 472 1099 501 aut
1123 460 1224 514 proli
1254 474 1418 516 operam
1440 461 1551 512 dare,
1584 476 1711 516 quum
1731 474 1862 504 tamen

378 531 426 557 eo
451 515 533 568 ipso
551 526 731 568 tempore
749 515 882 564 adsint,
912 528 994 569 quo
1021 528 1140 555 omne
1182 515 1234 556 ibi
1270 518 1405 557 avium
1447 530 1574 570 genus
1617 519 1862 571 progignere

376 571 480 614 solet.
540 570 695 610 Verum
714 569 810 612 haee
837 568 913 623 ipsa
934 583 995 610 res
1015 582 1252 623 argumento
1278 570 1353 611 est.
1393 585 1508 612 avem
1548 571 1648 612 hanc
1676 571 1752 612 effe
1774 571 1863 611 alte·

377 628 457 669 rius
476 624 770 678 hemisphaerii,
810 637 914 678 quae
940 624 1128 676 hyemem
1154 624 1235 678 poli
1268 625 1440 667 australis
1475 624 1632 680 fugiens
1660 626 1710 666 ad
1736 639 1865 667 extre·

377 693 490 722 mum
518 679 671 720 huncce
693 680 838 720 Oceani
870 679 1020 721 Pacifici
1048 680 1242 734 angulum
1281 679 1404 733 usque
1433 681 1596 734 migrat,
1633 692 1674 721 et
1707 679 1864 721 diverso

376 734 668 792 prolificationis
702 735 871 775 termino
894 734 1049 775 adsueta
1079 735 1154 784 est,
1194 735 1232 774 in
1260 734 1359 775 illud
1390 746 1548 789 tempus
1576 734 1867 776 verosimillime

376 789 628 840 collocando,
660 789 728 829 ubi
754 788 861 842 apud
879 802 954 829 nos
972 788 1112 842 hyems
1141 802 1180 829 et
1208 790 1325 830 aestas
1354 789 1408 829 est
1430 791 1468 830 in
1488 788 1772 844 hemisphaerio
1800 803 1866 829 au·

377 845 490 888 strali.
546 845 697 897 Neque
725 856 825 898 puto
850 843 1085 884 incredibilis
1113 844 1178 894 est,
1200 844 1240 884 in
1260 845 1444 897 quamvis
1462 846 1596 897 ignota
1616 845 1745 895 causa,
1782 843 1866 884 talis

378 915 418 943 et
437 912 540 942 tanta
558 899 739 952 migratio
760 899 798 938 in
811 912 884 938 ave
900 900 1066 949 marina,
1097 911 1200 952 quae
1226 898 1378 953 ubique
1412 897 1584 946 viil-um,
1628 898 1783 951 ubique
1808 909 1867 937 re-

377 956 501 1010 quieti
519 954 653 995 locum
672 954 710 992 in
733 955 894 995 Oceano
921 954 1101 994 invenire
1127 954 1282 1006 poterit.
1348 953 1515 994 Nollem
1544 965 1674 994 tamen
1693 952 1770 994 hoc
1795 965 1869 993 ex·

379 1010 513 1064 emplo
535 1006 769 1049 confirmare
787 1008 1092 1047 CATESBAEI
1120 1005 1379 1058 hypothesin,
1408 1009 1478 1058 qui
1497 1017 1634 1045 omnes
1663 1005 1773 1060 apud
1793 1019 1868 1047 nos

379 1065 526 1118 hyeme
548 1061 793 1115 migratorias
809 1073 900 1103 aves
916 1061 956 1102 in
972 1058 1303 1114 hemisphaerium
1324 1057 1486 1100 australe
1502 1058 1552 1101 ad
1572 1059 1767 1107 eundem,
1789 1059 1868 1103 sub

379 1133 466 1174 quo
485 1116 592 1173 apud
614 1129 685 1156 nos
706 1115 981 1167 versabantur,
1009 1114 1219 1156 latitudinis
1242 1113 1415 1169 gradum
1435 1113 1710 1169 transmigrare
1726 1114 1869 1168 statuit,

381 1176 432 1217 ab
458 1169 801 1226 Experientiffimo
845 1171 1165 1213 EDWARDsm
1198 1168 1286 1222 jure
1322 1167 1537 1222 refutatus;
1570 1182 1700 1224 quum
1719 1170 1870 1211 constet

381 1229 611 1273 nostratium
629 1226 841 1280 regionum
866 1237 1003 1266 omnes
1023 1226 1063 1265 in
1079 1224 1303 1278 temperatis
1321 1223 1552 1278 regionibus
1570 1225 1664 1265 citra
1685 1236 1869 1278 aequato-

381 1297 470 1326 rem
487 1281 689 1324 consistere
704 1293 817 1331 aves,
843 1281 910 1326 nisi
926 1278 1032 1321 forte
1050 1280 1221 1333 aliquam
1241 1291 1262 1320 e
1287 1280 1444 1319 marinis
1472 1279 1611 1319 nostris
1638 1279 1798 1320 similem
1828 1280 1870 1322 in

383 1337 588 1380 antaretiea
615 1336 734 1378 maria
767 1334 1058 1389 profeEtionem
1083 1334 1273 1387 suscipere
1299 1333 1459 1386 statuaS,
1493 1347 1538 1376 ac
1563 1333 1625 1375 illa
1657 1332 1749 1376 estet
1771 1333 1867 1376 Dio·

383 1394 546 1437 medeae
571 1390 619 1431 ad
637 1389 940 1443 septentrionem
966 1388 1154 1435 excursio.

503 1445 778 1487 Voraciffimae
797 1444 885 1484 sunt
900 1456 992 1483 aves
1004 1476 1014 1493 ,
1043 1456 1164 1495 atque
1183 1443 1271 1482 ideo
1290 1443 1391 1482 circa
1410 1442 1623 1485 fluminum
1643 1444 1870 1499 praesertim

386 1506 477 1548 ostia
488 1511 795 1555 congregantur,
824 1499 894 1542 ubi
906 1496 1166 1543 subeuntibus
1178 1496 1408 1537 salmonum
1417 1496 1610 1551 gregibus
1623 1499 1782 1538 inhiant.
1811 1500 1872 1540 In-

386 1572 521 1614 tegros
548 1555 775 1610 deglutiunt
805 1552 946 1606 pisces,
983 1554 1101 1593 etiam
1129 1550 1383 1603 majusculos,
1431 1563 1606 1603 quatuor
1639 1552 1870 1606 pluriumve

386 1617 598 1658 librarum,
629 1622 731 1663 quos
751 1621 824 1663 per
849 1607 1120 1661 amplissimam
1146 1605 1280 1660 gulam
1303 1607 1570 1660 ingurgitant,
1600 1619 1703 1648 tanta
1728 1609 1871 1649 intem-

389 1668 582 1728 perantia,
613 1677 657 1705 ut
675 1663 784 1718 saepe
809 1663 859 1704 ad
891 1675 935 1703 os
964 1662 1088 1716 usque
1113 1661 1237 1715 pleni,
1276 1660 1418 1714 piscem
1443 1661 1491 1700 ad
1519 1660 1697 1704 medium
1722 1673 1872 1716 corpus

389 1725 516 1778 usque
550 1718 729 1761 faucibus
755 1717 947 1759 intrusum
974 1717 1190 1766 retineant,
1219 1714 1348 1758 donec
1377 1714 1534 1769 digestis
1562 1716 1747 1770 paulatim
1775 1718 1871 1758 inte·

389 1780 561 1824 rioribus
590 1786 694 1815 totus
720 1772 867 1821 intrudi
895 1772 1021 1827 possit.
1074 1771 1208 1811 Tanta
1228 1781 1364 1811 autem
1387 1770 1558 1810 alimenti
1590 1773 1701 1825 copia
1728 1771 1869 1822 onusti,

389 1835 438 1878 ad
456 1832 652 1881 volatum,
680 1830 796 1869 etiam
826 1828 913 1868 alias
938 1826 1088 1874 tardae,
1116 1826 1168 1866 ita
1188 1825 1341 1878 ineptae
1362 1823 1608 1877 redduntur,
1647 1838 1693 1866 ut
1715 1826 1872 1881 cymbis

391 1892 432 1932 in
452 1888 548 1930 mari
566 1885 634 1926 diu
650 1883 784 1939 agitari
809 1895 848 1926 et
865 1882 947 1923 telis
978 1882 1158 1923 cominus
1180 1877 1266 1921 fere
1283 1879 1418 1932 impeti
1437 1879 1600 1933 possint,
1627 1892 1758 1934 neque
1776 1893 1872 1922 avo·-

392 1945 493 1989 lare,
523 1941 687 1989 valeant,
716 1937 843 1978 donec
863 1936 1149 1978 devoratorum
1167 1933 1330 1988 piscium
1353 1946 1454 1975 onus
1466 1936 1739 1987 evomuerint,
1757 1933 1871 1989 quod

395 2011 542 2053 magno
562 1996 684 2036 statim
703 1993 909 2034 conamine
924 1991 1163 2041 achabet-ant,
1182 1987 1663 2042 fiperieulumimmineat.
1718 1990 1872 2032 Eadem

394 2055 537 2098 harum
570 2051 706 2096 avium
731 2047 922 2094 voracitas
961 2043 1114 2095 facilem
1139 2055 1306 2108 quoque
1334 2055 1473 2100 0².th
1500 2054 1710 2103 eantur-am·
1728 2044 1872 2151 ⁸³33}ss
