1998 2701
532 225 692 282 Ὠῆσέἕ
801 228 953 279 (21)
1066 224 1226 283 ἒὴᾱέ

252 329 419 373 Orbitae
446 332 634 386 oculique
660 342 753 373 cute
777 333 1005 384 communi,
1045 331 1111 373 sed
1139 332 1413 374 adtenuatiore
1437 329 1622 373 obducta.

134 385 268 429 Irides
287 387 680 440 livido-virescentes,
712 388 861 432 circulo
885 387 1177 432 coerulefeente
1203 389 1363 432 cinnae.
1441 384 1625 442 Papillae

135 445 216 484 axis
241 443 392 485 sursum
431 442 586 486 directa.

259 524 398 569 Nares
415 526 517 569 inter
540 528 619 569 oris
642 528 864 584 marginem
884 540 924 570 et
948 528 1086 571 oculos
1118 526 1292 576 mediae,
1327 526 1540 582 fimplices,
1568 537 1626 567 tu·

134 581 231 679 bullo
249 595 433 638 curaceo,
461 584 636 639 arre&o,
681 599 696 626 1
714 585 778 626 lin.
806 584 1077 641 longitudine,
1109 585 1394 641 prominentes,
1419 583 1626 637 limboque

133 651 182 679 ru
214 650 335 680 entes,

241 720 350 765 Inter
377 735 489 765 nares
517 737 557 766 et
582 723 782 766 labiorum
810 723 1034 779 marginem
1060 722 1250 778 utrinque
1270 720 1365 778 pori
1402 721 1504 775 duo,
1553 734 1627 777 per

131 791 234 832 quos
254 778 443 821 immissus
463 779 577 821 flatus
598 780 646 821 ad
670 781 768 822 labia
792 780 992 834 superiora
1010 779 1221 835 pertingit,
1264 791 1370 833 quae
1389 777 1503 832 poris
1529 777 1626 818 simi-

130 832 255 885 libus,
304 833 414 875 denis
445 835 610 876 cribrata
640 835 738 877 sunt.
803 835 954 877 Decem
981 833 1051 876 alii
1083 834 1281 875 habentur
1306 833 1355 874 ab
1379 833 1527 888 angulo
1547 833 1626 873 oris

129 888 266 929 versus
285 889 442 930 valvam
474 889 750 932 branchialem.
806 890 940 933 Flatus
959 902 1030 946 per
1050 900 1162 931 nares
1188 888 1379 931 immiffus
1405 902 1538 931 cutem
1564 900 1625 928 ca·

129 943 218 996 pitis
237 944 353 984 instar
373 945 471 986 utris
490 946 681 987 extendit.

238 1023 367 1068 Labia
388 1024 583 1084 duplicata
597 1059 608 1077 ‚
635 1026 774 1081 oralia,
795 1028 979 1083 ‘carnosa3
1007 1025 1202 1069 interiora
1220 1027 1446 1077 retrafi'tssia,
1487 1026 1536 1068 ad
1558 1039 1625 1068 an-

131 1083 250 1139 gulos
271 1083 656 1139 subappendieulata.
715 1084 909 1126 Maxillae
926 1083 1288 1139 utriusquelimbus
1300 1085 1463 1125 interius
1482 1082 1623 1122 scaber.

132 1138 192 1180 Os
221 1139 372 1180 sursum
399 1138 619 1187 dehiscens,
660 1138 743 1175 fere
758 1153 804 1175 ut
835 1140 874 1175 in
897 1140 997 1189 Cyol.
1023 1139 1234 1190 ventricosb
1263 1137 1330 1178 vel
1358 1133 1625 1191 Uranoscopo,

128 1194 194 1236 sed
214 1193 401 1235 inferiore
417 1190 573 1232 maxilla
591 1191 722 1232 minus
741 1189 950 1245 producta,

244 1273 428 1329 Linguae
444 1273 514 1316 vix
534 1272 746 1330 vestigium
771 1271 997 1320 distinaum
1023 1274 1062 1316 in
1083 1274 1140 1318 sca
1172 1286 1197 1316 o
1215 1273 1493 1317 branchiarum
1514 1287 1625 1316 com—

128 1344 251 1389 paret.
309 1334 444 1373 Arcus
460 1328 576 1385 palati
588 1331 696 1384 asper
715 1330 766 1370 ad
783 1331 955 1382 labium3
986 1329 1141 1372 tulmen
1156 1344 1180 1370 a
1197 1330 1331 1385 aspera
1348 1333 1386 1371 in
1406 1329 1519 1372 fauce
1531 1343 1624 1385 qua·

127 1401 260 1440 terna,
288 1400 435 1442 nempe
460 1387 543 1427 duo
562 1387 697 1441 palati,
727 1384 975 1441 totidemque
1000 1386 1040 1427 in
1060 1384 1337 1427 branchiarum
1354 1396 1624 1441 trunc03quo-

127 1457 221 1486 rum
242 1445 375 1499 priora
394 1441 572 1491 mobilia,
602 1440 750 1495 maj0ra
771 1454 811 1483 et
827 1443 953 1483 ovalia
967 1475 978 1495 ,
1008 1440 1195 1484 inferiora
1221 1441 1407 1496 oblonga.

242 1524 465 1569 Branclziae
483 1539 559 1582 pro
579 1525 684 1567 mole
707 1525 816 1582 piscis
836 1539 1001 1580 parvae,
1037 1527 1229 1580 utrinque
1255 1536 1488 1580 quaternae:
1525 1537 1621 1565 arcu

131 1582 404 1638 cartilagineo,
442 1584 594 1623 interne
630 1582 844 1624 tuberculis
873 1582 1123 1624 transverfim
1148 1580 1395 1635 compreHIS,
1442 1579 1620 1621 scaberri*

131 1641 222 1687 mis,
249 1638 499 1680 stridentibus
518 1638 690 1679 dentato.

249 1732 444 1788 Opercula
464 1732 741 1776 branchiarum
760 1731 1114 1784 subrhomboidea,
1143 1742 1319 1784 cutaeea,
1359 1732 1510 1782 mollia,
1541 1743 1619 1772 car—

132 1790 356 1845 tilaginibus
384 1788 493 1831 fulta.
549 1787 783 1831 Membrana
808 1786 1043 1829 branclzmlis
1070 1800 1149 1829 tota
1178 1800 1361 1839 connata,
1400 1788 1532 1838 radiis,
1572 1798 1618 1828 ut

131 1848 171 1887 in
190 1847 288 1887 ficeo
308 1846 516 1900 specimine
532 1845 765 1898 videbatur,
793 1843 970 1900 septenis.
1027 1842 1234 1899 Apertum
1255 1844 1534 1885 branchiarum
1561 1841 1618 1884 su·

132 1915 204 1958 pra
219 1914 355 1943 ortum
374 1903 584 1958 pinnarum
608 1900 888 1957 pectoralium,
924 1899 1058 1941 ovalis.

241 1998 391 2041 Pinnae
406 1997 622 2053 pastorales
643 2012 827 2054 magnae,
859 1997 1065 2050 latiffimae,
1095 1995 1309 2052 jugulares,
1338 1997 1488 2053 aliquot
1504 1995 1616 2036 linea-

131 2069 224 2098 rum
243 2055 415 2099 distantia
432 2055 481 2096 ab
500 2056 578 2097 oris
596 2058 794 2111 margine,
822 2058 860 2096 in
880 2054 955 2109 ipsa
975 2053 1068 2110 gula
1086 2053 1336 2108 incipientes,
1380 2055 1511 2109 primo
1529 2050 1616 2092 sub-

132 2112 354 2168 parallelae,
393 2111 536 2154 dehinc
562 2112 847 2169 operculorum
857 2110 1143 2209 gdhaefionem
1171 2109 1296 2165 usque
1320 2109 1367 2151 ad
1387 2120 1615 2206 apertgram

924 2180 942 2220 3
1531 2176 1615 2205 rau-
