1998 2701
660 171 842 229 ψαύω
964 166 1148 225 (6)
1268 169 1452 228 Qu&

426 273 539 315 Color
556 269 765 318 animalis,
797 268 868 328 qui
893 268 996 310 cutis
1020 266 1254 319 humanae,
1283 278 1540 316 maceratae,
1568 266 1816 326 gryseo-al-

308 333 449 378 bidus;
478 341 519 372 at
534 327 877 372 translucentium
907 325 1108 370 viscerum
1138 325 1310 368 fuluedo
1332 340 1407 383 per
1424 326 1569 368 viuum
1585 338 1656 369 aut
1678 340 1816 371 recen-

308 406 396 436 tem
412 386 692 433 Lumbricum
708 386 943 429 aurantium
959 382 1160 427 ruborem
1177 383 1412 428 diffundere
1429 383 1609 428 videtur.

832 476 1284 529 ANATOME.

424 566 474 610 In
492 580 598 626 aqua
616 563 777 608 feruida
795 562 841 605 ὅι
859 562 1020 620 liquore
1037 561 1256 604 maceratis
1279 561 1360 603 tela
1383 560 1592 619 quaedam
1610 559 1777 605 mucosa
1797 573 1822 604 a

308 638 403 671 cute
420 626 608 670 exterius
624 621 816 666 abscedit.
885 619 1016 664 Secta
1038 633 1133 663 cute
1160 618 1350 677 copiosus
1375 616 1507 664 effluit
1538 623 1671 679 liquor
1695 618 1821 663 turbi-

309 686 399 734 dUS‚
416 685 481 727 cui
501 682 690 727 intestina
702 693 827 741 atque
843 679 1040 738 genitalia
1063 677 1218 721 viscera
1239 679 1439 720 innatant.

428 743 541 785 Cutis
567 755 663 783 cum
688 754 828 798 panno
854 735 1082 780 musculoso
1106 738 1240 785 unita,
1269 736 1312 777 in
1336 735 1480 779 medio
1496 736 1568 779 cot·
1599 752 1673 780 ore
1692 736 1822 794 longe

310 802 476 847 tenuior
493 799 571 847 est,
603 813 729 859 quam
748 796 799 839 ad
817 808 1022 839 extrema.
1090 797 1257 837 Faunus
1281 793 1530 839 musculosus
1588 795 1680 839 bras
1704 795 1821 837 mini-

311 876 381 905 me
402 857 613 903 distinctas
640 854 829 899 exhibet.

430 918 683 974 Ocsophugm
706 914 896 957 dilatatur
920 913 963 954 in
986 910 1188 955 sacculum
1214 927 1517 973 nonnunquam
1542 912 1630 954 luto
1648 908 1821 953 arenoso

312 977 530 1035 repletum.
599 973 854 1016 Ventriculus
868 973 1027 1026 primm
1043 970 1100 1013 est
1127 969 1335 1027 ingluvies
1353 971 1470 1020 laxa,
1500 972 1707 1016 coriacea‚
1734 982 1822 1010 cur-

311 1031 628 1091 vato-crispula.
697 1030 952 1072 Ventriculus
979 1029 1084 1071 alter
1107 1040 1239 1075 teres,
1269 1028 1481 1078 carnosus,
1511 1030 1647 1085 laquei
1675 1027 1743 1069 vel
1768 1026 1823 1068 la-

311 1094 460 1151 ryngis
484 1090 670 1132 aviculae
695 1100 764 1130 aut
792 1086 971 1127 intestini
1001 1082 1119 1142 piscis
1145 1084 1460 1127 constrictiffimi
1481 1086 1639 1134 similis,
1677 1084 1722 1125 <Sc
1749 1097 1824 1140 per

312 1145 651 1194 mesenteriolum
675 1146 718 1187 in
735 1141 1008 1200 figmoidcam
1033 1140 1241 1183 flexuram
1268 1141 1522 1200 compositus
1548 1142 1616 1185 est.
1676 1143 1720 1182 ln
1737 1155 1825 1183 me-

312 1206 535 1252 senteriolo
553 1199 912 1260 longitudinaliter
932 1199 1229 1253 decurritstrm
1246 1200 1405 1248 mollis,
1429 1215 1596 1249 crocea,
1623 1201 1736 1252 cujus
1756 1214 1824 1242 co-

314 1269 403 1311 lore
424 1261 615 1307 intestina
634 1259 779 1304 omnia
793 1255 925 1303 tincta
942 1255 1050 1301 sunt:
1084 1259 1164 1311 (an
1187 1255 1332 1314 hepati
1356 1270 1425 1301 aut
1453 1259 1667 1317 pancreati
1685 1257 1825 1300 analo-

316 1340 419 1386 gum
435 1322 621 1374 viscus'?)

431 1380 666 1434 Intestinum
686 1376 802 1419 tenui
820 1375 958 1418 canale
974 1374 1138 1431 incipit,
1156 1373 1208 1416 ad
1256 1386 1403 1416 uatuor
1418 1372 1505 1416 fere
1522 1373 1720 1431 pollicum
1737 1375 1825 1417 lon-

316 1439 551 1501 gitudinem
568 1435 793 1485 albicante,
824 1432 870 1475 <Sc
903 1446 1052 1474 arenae
1076 1429 1220 1474 subtilis
1242 1446 1348 1475 imae
1371 1430 1490 1492 saepe
1512 1429 1700 1489 glebulas
1727 1448 1826 1475 con-

316 1502 493 1545 tinente,
525 1495 597 1553 qui
611 1493 778 1535 incertis
800 1490 920 1549 gyris
939 1491 1047 1532 circa
1066 1489 1263 1547 genitalia
1280 1489 1432 1532 viscera
1448 1489 1590 1532 fluitat.
1650 1490 1826 1549 Excipit

316 1571 414 1601 tunc
442 1555 674 1607 intestinum
710 1550 836 1607 paulo
862 1548 1072 1607 capacius,
1120 1546 1191 1590 ubi
1216 1545 1380 1590 inflatur
1404 1548 1565 1590 calamo
1594 1548 1825 1606 gallinaceo

316 1615 484 1673 subpar,
515 1622 693 1670 quatuor
712 1605 936 1666 spithamas
967 1605 1164 1663 longum,
1195 1606 1350 1648 luteum
1373 1605 1443 1648 vel
1461 1607 1650 1659 jejunum
1671 1621 1825 1650 vocan-

316 1674 436 1719 dum3
471 1669 644 1713 aurantii
669 1669 784 1710 enim
808 1664 962 1707 coloris
987 1663 1066 1712 est,
1097 1663 1199 1705 striis
1227 1663 1598 1722 longitudinalibus
1624 1667 1828 1724 opaciori-

316 1732 395 1777 bus
412 1726 649 1773 distinctum
662 1757 671 1774 ‚
698 1736 920 1781 totumque
938 1733 1103 1780 praeter
1120 1733 1292 1764 tenuem
1308 1722 1502 1779 aquulam
1529 1721 1826 1767 nihilomnino

320 1790 535 1834 continere
553 1784 667 1827 solet.
727 1781 829 1824 Hoc
848 1782 1000 1838 pariter
1026 1794 1073 1821 ac
1099 1780 1211 1837 prius
1235 1782 1514 1823 membranula
1535 1780 1827 1840 longitudinali

319 1851 361 1892 in
378 1860 530 1908 paruos
548 1841 740 1899 crispatur
766 1852 920 1897 gyros,
933 1837 1203 1899 &plerisque
1219 1836 1297 1880 suis
1313 1837 1597 1881 voluminibus
1613 1842 1654 1882 in
1681 1840 1827 1883 medio

321 1918 498 1964 corpore
522 1901 567 1944 &
590 1897 729 1942 uersus
788 1896 985 1940 osteriora
1010 1894 1140 1938 libere
1164 1894 1347 1939 fluciuat.
1417 1895 1625 1940 Extrema
1648 1897 1827 1941 intestini

320 1965 459 2023 portio
478 1961 618 2003 denuo
642 1913 871 2014 angullion
897 1952 1220 2012 subspithamea,
1250 1955 1473 2014 minusque
1495 1954 1664 2014 crispata
1686 1955 1827 2000 versus

320 2019 597 2066 ventriculum
613 2012 834 2060 adscendit,
852 2024 977 2072 atque
992 2012 1090 2053 inde
1106 2009 1197 2053 satis
1210 2011 1330 2056 rec³to
1346 2010 1478 2055 tractu
1498 2015 1605 2056 redit
1619 2014 1671 2056 ad
1687 2029 1826 2058 anum.

322 2080 446 2125 Haec
463 2089 632 2136 quoque
649 2070 824 2114 intestini
840 2085 934 2129 pars
952 2069 1131 2127 glebulis
1147 2070 1346 2120 arenosis,
1376 2070 1422 2113 ἃ
1437 2070 1577 2115 versus
1595 2087 1720 2114 anum
1737 2074 1826 2116 luto

324 2153 384 2184 ex
400 2135 551 2181 iisdem
568 2129 766 2176 dissolutis
782 2128 1034 2188 saepiuscule
1049 2127 1183 2172 scatet.
1231 2131 1405 2188 (Neque
1420 2142 1585 2188 praeter
1609 2130 1718 2174 hanc
1737 2145 1826 2174 are-

1683 2187 1829 2234 nos-am
