<?xml version="1.0" encoding="UTF-8"?>
<!DOCTYPE html PUBLIC "-//W3C//DTD XHTML 1.0 Transitional//EN"
    "http://www.w3.org/TR/xhtml1/DTD/xhtml1-transitional.dtd">
<html xmlns="http://www.w3.org/1999/xhtml" xml:lang="en" lang="en">
 <head>
  <title>
</title>
<meta http-equiv="Content-Type" content="text/html;charset=utf-8" />
  <meta name='ocr-system' content='tesseract 3.04.00' />
  <meta name='ocr-capabilities' content='ocr_page ocr_carea ocr_par ocr_line ocrx_word'/>
</head>
<body>
  <div class='ocr_page' id='page_1' title='image "./spicilegiazoolog110pall_0078.png"; bbox 0 0 1998 2701; ppageno 0'>
   <div class='ocr_carea' id='block_1_1' title="bbox 676 222 1440 399">
    <p class='ocr_par' dir='ltr' id='par_1_1' title="bbox 676 222 1440 399">
     <span class='ocr_line' id='line_1_1' title="bbox 676 222 1440 281; baseline -0.016 1"><span class='ocrx_word' id='word_1_1' title='bbox 676 224 836 281; x_wconf 52' lang='lat'><strong>21002-2‘</strong></span> <span class='ocrx_word' id='word_1_2' title='bbox 948 222 1164 280; x_wconf 80' lang='lat'>(14&gt;</span> <span class='ocrx_word' id='word_1_3' title='bbox 1280 224 1440 281; x_wconf 47' lang='lat'><strong>2200&amp;</strong></span> 
     </span>
     <span class='ocr_line' id='line_1_2' title="bbox 736 330 1389 399; baseline -0.006 1"><span class='ocrx_word' id='word_1_4' title='bbox 736 330 1389 399; x_wconf 78' lang='lat' dir='ltr'><em>MENSURAE.</em></span> 
     </span>
    </p>
   </div>
   <div class='ocr_carea' id='block_1_2' title="bbox 310 447 1822 692">
    <p class='ocr_par' dir='ltr' id='par_1_2' title="bbox 310 447 1822 692">
     <span class='ocr_line' id='line_1_3' title="bbox 310 447 1821 552; baseline -0.004 -55"><span class='ocrx_word' id='word_1_5' title='bbox 310 461 506 552; x_wconf 81' lang='lat' dir='ltr'><strong>Vivum</strong></span> <span class='ocrx_word' id='word_1_6' title='bbox 511 455 587 512; x_wconf 90' lang='lat' dir='ltr'><strong>filo</strong></span> <span class='ocrx_word' id='word_1_7' title='bbox 608 449 865 501; x_wconf 84' lang='lat' dir='ltr'><strong>mensuravi‚</strong></span> <span class='ocrx_word' id='word_1_8' title='bbox 895 465 1022 552; x_wconf 37' lang='lat' dir='ltr'><strong>(iuam</strong></span> <span class='ocrx_word' id='word_1_9' title='bbox 1049 448 1138 493; x_wconf 86' lang='lat' dir='ltr'><strong>fieri</strong></span> <span class='ocrx_word' id='word_1_10' title='bbox 1191 450 1298 494; x_wconf 81' lang='lat' dir='ltr'><strong>otuit</strong></span> <span class='ocrx_word' id='word_1_11' title='bbox 1313 481 1323 499; x_wconf 91' lang='lat'><strong>,</strong></span> <span class='ocrx_word' id='word_1_12' title='bbox 1345 447 1628 503; x_wconf 55' lang='lat' dir='ltr'><strong>exafiiiffime,</strong></span> <span class='ocrx_word' id='word_1_13' title='bbox 1658 453 1703 498; x_wconf 71' lang='lat' dir='ltr'><strong>&lt;Sc</strong></span> <span class='ocrx_word' id='word_1_14' title='bbox 1727 470 1821 514; x_wconf 77' lang='lat' dir='ltr'><strong>pro.</strong></span> 
     </span>
     <span class='ocr_line' id='line_1_4' title="bbox 419 507 1822 578; baseline -0.002 -18"><span class='ocrx_word' id='word_1_15' title='bbox 419 511 877 578; x_wconf 75' lang='lat' dir='ltr'><strong>portionessequente5‚</strong></span> <span class='ocrx_word' id='word_1_16' title='bbox 921 509 1131 552; x_wconf 85' lang='lat' dir='ltr'><strong>ecundum</strong></span> <span class='ocrx_word' id='word_1_17' title='bbox 1179 507 1361 557; x_wconf 78' lang='lat' dir='ltr'><strong>arismae,</strong></span> <span class='ocrx_word' id='word_1_18' title='bbox 1384 512 1448 552; x_wconf 77' lang='lat' dir='ltr'><strong>cm‘</strong></span> <span class='ocrx_word' id='word_1_19' title='bbox 1463 511 1642 568; x_wconf 59' lang='lat' dir='ltr'><strong>adfizevi,</strong></span> <span class='ocrx_word' id='word_1_20' title='bbox 1661 513 1822 557; x_wconf 82' lang='lat' dir='ltr'><strong>mensu-</strong></span> 
     </span>
     <span class='ocr_line' id='line_1_5' title="bbox 310 566 1822 626; baseline -0.013 -2"><span class='ocrx_word' id='word_1_21' title='bbox 310 594 381 625; x_wconf 86' lang='lat' dir='ltr'><strong>rae</strong></span> <span class='ocrx_word' id='word_1_22' title='bbox 398 588 593 621; x_wconf 87' lang='lat' dir='ltr'><strong>normam</strong></span> <span class='ocrx_word' id='word_1_23' title='bbox 609 570 850 614; x_wconf 84' lang='lat' dir='ltr'><strong>enunciatas</strong></span> <span class='ocrx_word' id='word_1_24' title='bbox 866 567 1138 626; x_wconf 81' lang='lat' dir='ltr'><strong>deprehendi.</strong></span> <span class='ocrx_word' id='word_1_25' title='bbox 1170 567 1314 609; x_wconf 87' lang='lat' dir='ltr'><strong>Audio</strong></span> <span class='ocrx_word' id='word_1_26' title='bbox 1330 566 1534 610; x_wconf 83' lang='lat' dir='ltr'><strong>diversam</strong></span> <span class='ocrx_word' id='word_1_27' title='bbox 1547 568 1598 614; x_wconf 85' lang='lat' dir='ltr'><strong>ab</strong></span> <span class='ocrx_word' id='word_1_28' title='bbox 1615 569 1694 614; x_wconf 84' lang='lat' dir='ltr'><strong>hac</strong></span> <span class='ocrx_word' id='word_1_29' title='bbox 1704 587 1822 615; x_wconf 84' lang='lat' dir='ltr'><strong>men-</strong></span> 
     </span>
     <span class='ocr_line' id='line_1_6' title="bbox 316 624 1822 692; baseline -0.007 -8"><span class='ocrx_word' id='word_1_30' title='bbox 316 639 404 683; x_wconf 82' lang='lat' dir='ltr'><strong>sura</strong></span> <span class='ocrx_word' id='word_1_31' title='bbox 418 647 551 692; x_wconf 87' lang='lat' dir='ltr'><strong>nuper</strong></span> <span class='ocrx_word' id='word_1_32' title='bbox 570 625 762 690; x_wconf 86' lang='lat' dir='ltr'><strong>prodiisse</strong></span> <span class='ocrx_word' id='word_1_33' title='bbox 774 660 784 678; x_wconf 91' lang='lat'>,</span> <span class='ocrx_word' id='word_1_34' title='bbox 816 641 911 670; x_wconf 84' lang='lat' dir='ltr'><strong>eam</strong></span> <span class='ocrx_word' id='word_1_35' title='bbox 927 640 1031 669; x_wconf 86' lang='lat' dir='ltr'><strong>vero</strong></span> <span class='ocrx_word' id='word_1_36' title='bbox 1049 625 1207 667; x_wconf 81' lang='lat' dir='ltr'><strong>ruditer</strong></span> <span class='ocrx_word' id='word_1_37' title='bbox 1217 628 1391 681; x_wconf 71' lang='lat' dir='ltr'><strong>scipione</strong></span> <span class='ocrx_word' id='word_1_38' title='bbox 1406 624 1582 670; x_wconf 81' lang='lat' dir='ltr'><strong>sumtam</strong></span> <span class='ocrx_word' id='word_1_39' title='bbox 1598 627 1714 673; x_wconf 81' lang='lat' dir='ltr'><strong>fuisse</strong></span> <span class='ocrx_word' id='word_1_40' title='bbox 1728 628 1822 674; x_wconf 78' lang='lat' dir='ltr'><strong>scio.</strong></span> 
     </span>
    </p>
   </div>
   <div class='ocr_carea' id='block_1_3' title="bbox 424 707 1474 775">
    <p class='ocr_par' dir='ltr' id='par_1_3' title="bbox 424 707 1474 775">
     <span class='ocr_line' id='line_1_7' title="bbox 424 707 1474 775; baseline -0.008 -15"><span class='ocrx_word' id='word_1_41' title='bbox 424 712 678 775; x_wconf 77' lang='lat' dir='ltr'><strong>Longitudo</strong></span> <span class='ocrx_word' id='word_1_42' title='bbox 713 723 823 762; x_wconf 87' lang='lat' dir='ltr'><strong>tota,</strong></span> <span class='ocrx_word' id='word_1_43' title='bbox 867 708 921 754; x_wconf 86' lang='lat' dir='ltr'><strong>ab</strong></span> <span class='ocrx_word' id='word_1_44' title='bbox 948 709 1066 768; x_wconf 82' lang='lat' dir='ltr'><strong>apice</strong></span> <span class='ocrx_word' id='word_1_45' title='bbox 1089 707 1227 757; x_wconf 88' lang='lat' dir='ltr'><strong>rostri,</strong></span> <span class='ocrx_word' id='word_1_46' title='bbox 1261 707 1474 764; x_wconf 81' lang='lat' dir='ltr'><strong>adortum</strong></span> 
     </span>
    </p>
   </div>
   <div class='ocr_carea' id='block_1_4' title="bbox 414 771 1821 2099">
    <p class='ocr_par' dir='ltr' id='par_1_4' title="bbox 414 771 1821 2099">
     <span class='ocr_line' id='line_1_8' title="bbox 539 771 1821 826; baseline -0.004 -8"><span class='ocrx_word' id='word_1_47' title='bbox 539 772 696 818; x_wconf 83' lang='lat' dir='ltr'><strong>caudae</strong></span> <span class='ocrx_word' id='word_1_48' title='bbox 899 794 915 801; x_wconf 94' lang='lat'>-</span> <span class='ocrx_word' id='word_1_49' title='bbox 1149 791 1164 800; x_wconf 90' lang='lat'><em>-</em></span> <span class='ocrx_word' id='word_1_50' title='bbox 1397 793 1412 801; x_wconf 93' lang='lat'>-</span> <span class='ocrx_word' id='word_1_51' title='bbox 1529 771 1582 826; x_wconf 83' lang='lat'><strong>4‘.</strong></span> <span class='ocrx_word' id='word_1_52' title='bbox 1633 772 1696 825; x_wconf 76' lang='lat'><strong>9¹¹.</strong></span> <span class='ocrx_word' id='word_1_53' title='bbox 1742 772 1821 822; x_wconf 70' lang='lat'><strong><em>0¹¹¹,</em></strong></span> 
     </span>
     <span class='ocr_line' id='line_1_9' title="bbox 454 824 1470 885; baseline 0.003 -19"><span class='ocrx_word' id='word_1_54' title='bbox 454 854 505 866; x_wconf 90' lang='grc'>....</span> <span class='ocrx_word' id='word_1_55' title='bbox 621 850 671 858; x_wconf 92' lang='lat'>-</span> <span class='ocrx_word' id='word_1_56' title='bbox 702 827 868 885; x_wconf 84' lang='lat' dir='ltr'><strong>capitis,</strong></span> <span class='ocrx_word' id='word_1_57' title='bbox 897 825 950 870; x_wconf 90' lang='lat' dir='ltr'><strong>ab</strong></span> <span class='ocrx_word' id='word_1_58' title='bbox 968 826 1085 885; x_wconf 84' lang='lat' dir='ltr'><strong>apice</strong></span> <span class='ocrx_word' id='word_1_59' title='bbox 1104 824 1245 873; x_wconf 85' lang='lat' dir='ltr'><strong>rostri,</strong></span> <span class='ocrx_word' id='word_1_60' title='bbox 1276 825 1329 869; x_wconf 83' lang='lat' dir='ltr'><strong>ad</strong></span> <span class='ocrx_word' id='word_1_61' title='bbox 1344 825 1470 870; x_wconf 89' lang='lat' dir='ltr'><strong>inter-</strong></span> 
     </span>
     <span class='ocr_line' id='line_1_10' title="bbox 539 886 1770 938; baseline -0.002 -8"><span class='ocrx_word' id='word_1_62' title='bbox 539 887 698 935; x_wconf 81' lang='lat' dir='ltr'><strong>vallum</strong></span> <span class='ocrx_word' id='word_1_63' title='bbox 717 886 877 928; x_wconf 82' lang='lat' dir='ltr'><strong>aurium</strong></span> <span class='ocrx_word' id='word_1_64' title='bbox 1142 908 1157 915; x_wconf 93' lang='lat'>-</span> <span class='ocrx_word' id='word_1_65' title='bbox 1391 909 1406 917; x_wconf 98' lang='lat'>-</span> <span class='ocrx_word' id='word_1_66' title='bbox 1533 901 1567 930; x_wconf 72' lang='grc' dir='ltr'><strong>ι,</strong></span> <span class='ocrx_word' id='word_1_67' title='bbox 1633 902 1670 938; x_wconf 86' lang='lat'><strong>3.</strong></span> <span class='ocrx_word' id='word_1_68' title='bbox 1729 903 1770 931; x_wconf 80' lang='grc' dir='ltr'><strong>ο.</strong></span> 
     </span>
     <span class='ocr_line' id='line_1_11' title="bbox 452 939 1769 1001; baseline 0.001 -15"><span class='ocrx_word' id='word_1_69' title='bbox 452 971 504 981; x_wconf 65' lang='grc'><strong>.-</strong></span> <span class='ocrx_word' id='word_1_70' title='bbox 621 968 671 976; x_wconf 88' lang='lat'><strong>-—</strong></span> <span class='ocrx_word' id='word_1_71' title='bbox 701 943 839 992; x_wconf 84' lang='lat' dir='ltr'><strong>rostri,</strong></span> <span class='ocrx_word' id='word_1_72' title='bbox 875 941 926 985; x_wconf 87' lang='lat' dir='ltr'><strong>ab</strong></span> <span class='ocrx_word' id='word_1_73' title='bbox 944 941 1062 999; x_wconf 82' lang='lat' dir='ltr'><strong>apice</strong></span> <span class='ocrx_word' id='word_1_74' title='bbox 1079 939 1133 983; x_wconf 85' lang='lat' dir='ltr'><strong>ad</strong></span> <span class='ocrx_word' id='word_1_75' title='bbox 1150 940 1295 983; x_wconf 88' lang='lat' dir='ltr'><strong>oculos</strong></span> <span class='ocrx_word' id='word_1_76' title='bbox 1314 940 1441 1001; x_wconf 85' lang='lat' dir='ltr'><strong>usque</strong></span> <span class='ocrx_word' id='word_1_77' title='bbox 1532 957 1567 986; x_wconf 87' lang='lat'><strong>1.</strong></span> <span class='ocrx_word' id='word_1_78' title='bbox 1628 960 1668 987; x_wconf 90' lang='lat'><strong>0.</strong></span> <span class='ocrx_word' id='word_1_79' title='bbox 1729 961 1769 990; x_wconf 84' lang='lat'><strong>0.</strong></span> 
     </span>
     <span class='ocr_line' id='line_1_12' title="bbox 424 997 1468 1054; baseline -0.011 -1"><span class='ocrx_word' id='word_1_80' title='bbox 424 1005 630 1054; x_wconf 82' lang='lat' dir='ltr'><strong>Latitudo</strong></span> <span class='ocrx_word' id='word_1_81' title='bbox 645 1003 764 1046; x_wconf 88' lang='lat' dir='ltr'><strong>rostri</strong></span> <span class='ocrx_word' id='word_1_82' title='bbox 780 1002 887 1044; x_wconf 87' lang='lat' dir='ltr'><strong>inter</strong></span> <span class='ocrx_word' id='word_1_83' title='bbox 905 1000 1053 1042; x_wconf 80' lang='lat' dir='ltr'><strong>dentes</strong></span> <span class='ocrx_word' id='word_1_84' title='bbox 1072 997 1286 1047; x_wconf 62' lang='lat' dir='ltr'><strong>exsertos,</strong></span> <span class='ocrx_word' id='word_1_85' title='bbox 1317 1014 1342 1041; x_wconf 86' lang='lat' dir='ltr'><strong>a</strong></span> <span class='ocrx_word' id='word_1_86' title='bbox 1361 1014 1468 1042; x_wconf 85' lang='lat' dir='ltr'><strong>mar-</strong></span> 
     </span>
     <span class='ocr_line' id='line_1_13' title="bbox 543 1057 1774 1124; baseline -0.002 -17"><span class='ocrx_word' id='word_1_87' title='bbox 543 1066 643 1124; x_wconf 82' lang='lat' dir='ltr'><strong>gine</strong></span> <span class='ocrx_word' id='word_1_88' title='bbox 666 1062 788 1104; x_wconf 88' lang='lat' dir='ltr'><strong>unius</strong></span> <span class='ocrx_word' id='word_1_89' title='bbox 806 1057 905 1101; x_wconf 86' lang='lat' dir='ltr'><strong>labii</strong></span> <span class='ocrx_word' id='word_1_90' title='bbox 928 1057 980 1100; x_wconf 85' lang='lat' dir='ltr'><strong>ad</strong></span> <span class='ocrx_word' id='word_1_91' title='bbox 998 1057 1235 1114; x_wconf 82' lang='lat' dir='ltr'><strong>marginem</strong></span> <span class='ocrx_word' id='word_1_92' title='bbox 1252 1057 1421 1099; x_wconf 85' lang='lat' dir='ltr'><strong>alterius</strong></span> <span class='ocrx_word' id='word_1_93' title='bbox 1539 1074 1577 1101; x_wconf 89' lang='lat'><strong>0.</strong></span> <span class='ocrx_word' id='word_1_94' title='bbox 1636 1063 1676 1102; x_wconf 90' lang='lat'><strong>6.</strong></span> <span class='ocrx_word' id='word_1_95' title='bbox 1735 1077 1774 1117; x_wconf 87' lang='lat'><strong>9.</strong></span> 
     </span>
     <span class='ocr_line' id='line_1_14' title="bbox 426 1113 1468 1172; baseline -0.01 -4"><span class='ocrx_word' id='word_1_96' title='bbox 426 1124 565 1172; x_wconf 81' lang='lat' dir='ltr'><strong>Linea</strong></span> <span class='ocrx_word' id='word_1_97' title='bbox 583 1116 847 1166; x_wconf 77' lang='lat' dir='ltr'><strong>transversim</strong></span> <span class='ocrx_word' id='word_1_98' title='bbox 863 1117 972 1158; x_wconf 86' lang='lat' dir='ltr'><strong>inter</strong></span> <span class='ocrx_word' id='word_1_99' title='bbox 992 1115 1249 1159; x_wconf 84' lang='lat' dir='ltr'><strong>summitates</strong></span> <span class='ocrx_word' id='word_1_100' title='bbox 1270 1113 1468 1159; x_wconf 76' lang='lat' dir='ltr'><strong>loborum</strong></span> 
     </span>
     <span class='ocr_line' id='line_1_15' title="bbox 541 1172 1771 1240; baseline -0.007 -18"><span class='ocrx_word' id='word_1_101' title='bbox 541 1178 913 1240; x_wconf 80' lang='lat' dir='ltr'><strong>zygomaticorum</strong></span> <span class='ocrx_word' id='word_1_102' title='bbox 944 1172 1056 1215; x_wconf 82' lang='lat' dir='ltr'><strong>tensa</strong></span> <span class='ocrx_word' id='word_1_103' title='bbox 1153 1198 1169 1205; x_wconf 89' lang='lat'>-</span> <span class='ocrx_word' id='word_1_104' title='bbox 1402 1199 1419 1207; x_wconf 88' lang='lat'><em>-</em></span> <span class='ocrx_word' id='word_1_105' title='bbox 1541 1189 1577 1218; x_wconf 82' lang='lat'><strong>1.</strong></span> <span class='ocrx_word' id='word_1_106' title='bbox 1638 1190 1662 1215; x_wconf 85' lang='grc' dir='ltr'>ο</span> <span class='ocrx_word' id='word_1_107' title='bbox 1735 1179 1771 1219; x_wconf 79' lang='lat'><strong>6,</strong></span> 
     </span>
     <span class='ocr_line' id='line_1_16' title="bbox 423 1231 1772 1289; baseline -0.001 -9"><span class='ocrx_word' id='word_1_108' title='bbox 423 1241 631 1289; x_wconf 81' lang='lat' dir='ltr'><strong>Distantia</strong></span> <span class='ocrx_word' id='word_1_109' title='bbox 648 1237 808 1283; x_wconf 86' lang='lat' dir='ltr'><strong>aurium</strong></span> <span class='ocrx_word' id='word_1_110' title='bbox 835 1234 943 1275; x_wconf 87' lang='lat' dir='ltr'><strong>inter</strong></span> <span class='ocrx_word' id='word_1_111' title='bbox 960 1231 999 1274; x_wconf 87' lang='lat' dir='ltr'><strong>se</strong></span> <span class='ocrx_word' id='word_1_112' title='bbox 1530 1249 1570 1277; x_wconf 88' lang='lat' dir='ltr'><strong>o.</strong></span> <span class='ocrx_word' id='word_1_113' title='bbox 1632 1237 1671 1276; x_wconf 81' lang='lat'><strong>6.</strong></span> <span class='ocrx_word' id='word_1_114' title='bbox 1732 1250 1772 1281; x_wconf 77' lang='grc' dir='ltr'><strong>ο,</strong></span> 
     </span>
     <span class='ocr_line' id='line_1_17' title="bbox 453 1287 1772 1348; baseline -0.002 -11"><span class='ocrx_word' id='word_1_115' title='bbox 453 1321 505 1330; x_wconf 88' lang='grc'>-</span> <span class='ocrx_word' id='word_1_116' title='bbox 564 1319 615 1328; x_wconf 91' lang='lat'><em>-</em></span> <span class='ocrx_word' id='word_1_117' title='bbox 674 1293 894 1337; x_wconf 87' lang='lat' dir='ltr'><strong>oculorum</strong></span> <span class='ocrx_word' id='word_1_118' title='bbox 912 1292 1019 1333; x_wconf 85' lang='lat' dir='ltr'><strong>inter</strong></span> <span class='ocrx_word' id='word_1_119' title='bbox 1035 1287 1075 1332; x_wconf 89' lang='lat' dir='ltr'><strong>se</strong></span> <span class='ocrx_word' id='word_1_120' title='bbox 1090 1288 1249 1348; x_wconf 86' lang='lat' dir='ltr'><strong>postice</strong></span> <span class='ocrx_word' id='word_1_121' title='bbox 1396 1314 1414 1324; x_wconf 91' lang='lat'><strong>··</strong></span> <span class='ocrx_word' id='word_1_122' title='bbox 1531 1306 1572 1334; x_wconf 88' lang='grc' dir='ltr'><strong>ο.</strong></span> <span class='ocrx_word' id='word_1_123' title='bbox 1632 1306 1670 1347; x_wconf 85' lang='lat'><strong>7.</strong></span> <span class='ocrx_word' id='word_1_124' title='bbox 1732 1307 1772 1336; x_wconf 84' lang='lat' dir='ltr'><strong>o.</strong></span> 
     </span>
     <span class='ocr_line' id='line_1_18' title="bbox 452 1349 1767 1399; baseline -0.002 -3"><span class='ocrx_word' id='word_1_125' title='bbox 452 1378 503 1388; x_wconf 54' lang='grc' dir='ltr'><strong>ω-</strong></span> <span class='ocrx_word' id='word_1_126' title='bbox 561 1378 610 1387; x_wconf 93' lang='lat'><em>-</em></span> <span class='ocrx_word' id='word_1_127' title='bbox 669 1353 724 1396; x_wconf 87' lang='lat' dir='ltr'><strong>ad</strong></span> <span class='ocrx_word' id='word_1_128' title='bbox 741 1349 918 1393; x_wconf 86' lang='lat' dir='ltr'><strong>canthos</strong></span> <span class='ocrx_word' id='word_1_129' title='bbox 938 1349 1100 1391; x_wconf 86' lang='lat' dir='ltr'><strong>anticos</strong></span> <span class='ocrx_word' id='word_1_130' title='bbox 1160 1373 1175 1380; x_wconf 93' lang='lat'>-</span> <span class='ocrx_word' id='word_1_131' title='bbox 1527 1365 1567 1393; x_wconf 91' lang='lat'><strong>0.</strong></span> <span class='ocrx_word' id='word_1_132' title='bbox 1625 1363 1666 1399; x_wconf 83' lang='grc'><strong>5.</strong></span> <span class='ocrx_word' id='word_1_133' title='bbox 1727 1365 1767 1393; x_wconf 88' lang='lat'><strong>0.</strong></span> 
     </span>
     <span class='ocr_line' id='line_1_19' title="bbox 446 1405 1768 1454; baseline -0.001 -2"><span class='ocrx_word' id='word_1_134' title='bbox 446 1437 496 1446; x_wconf 87' lang='grc'><strong>--</strong></span> <span class='ocrx_word' id='word_1_135' title='bbox 555 1436 607 1444; x_wconf 91' lang='grc'>-</span> <span class='ocrx_word' id='word_1_136' title='bbox 666 1409 885 1454; x_wconf 86' lang='lat' dir='ltr'><strong>oculorum</strong></span> <span class='ocrx_word' id='word_1_137' title='bbox 902 1406 955 1451; x_wconf 85' lang='lat' dir='ltr'><strong>ab</strong></span> <span class='ocrx_word' id='word_1_138' title='bbox 972 1405 1138 1449; x_wconf 84' lang='lat' dir='ltr'><strong>auribus</strong></span> <span class='ocrx_word' id='word_1_139' title='bbox 1394 1431 1409 1439; x_wconf 95' lang='lat'>-</span> <span class='ocrx_word' id='word_1_140' title='bbox 1526 1423 1567 1453; x_wconf 89' lang='lat'><strong>0.</strong></span> <span class='ocrx_word' id='word_1_141' title='bbox 1627 1421 1651 1450; x_wconf 86' lang='lat'><em>2</em></span> <span class='ocrx_word' id='word_1_142' title='bbox 1728 1423 1768 1452; x_wconf 84' lang='lat'><strong>0.</strong></span> 
     </span>
     <span class='ocr_line' id='line_1_20' title="bbox 448 1462 1460 1513; baseline -0.008 1"><span class='ocrx_word' id='word_1_143' title='bbox 448 1496 499 1505; x_wconf 89' lang='lat'>—</span> <span class='ocrx_word' id='word_1_144' title='bbox 559 1493 609 1502; x_wconf 94' lang='lat'><strong>--</strong></span> <span class='ocrx_word' id='word_1_145' title='bbox 668 1464 1017 1513; x_wconf 83' lang='lat' dir='ltr'><strong>verrucarumseu</strong></span> <span class='ocrx_word' id='word_1_146' title='bbox 1035 1462 1381 1509; x_wconf 79' lang='lat' dir='ltr'><strong>tuberculoruma</strong></span> <span class='ocrx_word' id='word_1_147' title='bbox 1401 1463 1460 1506; x_wconf 78' lang='lat' dir='ltr'><strong>lo·</strong></span> 
     </span>
     <span class='ocr_line' id='line_1_21' title="bbox 528 1526 1765 1586; baseline 0 -18"><span class='ocrx_word' id='word_1_148' title='bbox 528 1527 595 1575; x_wconf 90' lang='lat' dir='ltr'><strong>bis</strong></span> <span class='ocrx_word' id='word_1_149' title='bbox 614 1526 910 1586; x_wconf 79' lang='lat' dir='ltr'><strong>zygomaticis.</strong></span> <span class='ocrx_word' id='word_1_150' title='bbox 1140 1547 1155 1553; x_wconf 96' lang='lat'><em>-</em></span> <span class='ocrx_word' id='word_1_151' title='bbox 1523 1540 1564 1567; x_wconf 74' lang='grc' dir='ltr'><strong>ο,</strong></span> <span class='ocrx_word' id='word_1_152' title='bbox 1629 1537 1665 1575; x_wconf 83' lang='grc'><strong>3.</strong></span> <span class='ocrx_word' id='word_1_153' title='bbox 1725 1541 1765 1568; x_wconf 85' lang='lat'><strong>0.</strong></span> 
     </span>
     <span class='ocr_line' id='line_1_22' title="bbox 447 1578 1763 1640; baseline -0.002 -12"><span class='ocrx_word' id='word_1_154' title='bbox 447 1609 496 1620; x_wconf 90' lang='lat'><strong>-·</strong></span> <span class='ocrx_word' id='word_1_155' title='bbox 556 1610 606 1617; x_wconf 93' lang='grc'><strong>-</strong></span> <span class='ocrx_word' id='word_1_156' title='bbox 665 1584 901 1629; x_wconf 87' lang='lat' dir='ltr'><strong>eorundem</strong></span> <span class='ocrx_word' id='word_1_157' title='bbox 920 1596 944 1624; x_wconf 87' lang='lat' dir='ltr'><strong>a</strong></span> <span class='ocrx_word' id='word_1_158' title='bbox 962 1579 1156 1625; x_wconf 89' lang='lat' dir='ltr'><strong>dentibus</strong></span> <span class='ocrx_word' id='word_1_159' title='bbox 1176 1578 1349 1624; x_wconf 78' lang='lat' dir='ltr'><strong>exsertis</strong></span> <span class='ocrx_word' id='word_1_160' title='bbox 1391 1605 1406 1613; x_wconf 95' lang='lat'>-</span> <span class='ocrx_word' id='word_1_161' title='bbox 1525 1598 1566 1625; x_wconf 89' lang='lat' dir='ltr'><strong>o.</strong></span> <span class='ocrx_word' id='word_1_162' title='bbox 1630 1597 1665 1624; x_wconf 87' lang='lat'><strong>1.</strong></span> <span class='ocrx_word' id='word_1_163' title='bbox 1723 1595 1763 1640; x_wconf 78' lang='lat'><strong>9..</strong></span> 
     </span>
     <span class='ocr_line' id='line_1_23' title="bbox 415 1644 1765 1706; baseline -0.007 -15"><span class='ocrx_word' id='word_1_164' title='bbox 415 1644 669 1706; x_wconf 81' lang='lat' dir='ltr'><strong>Longitudo</strong></span> <span class='ocrx_word' id='word_1_165' title='bbox 686 1644 847 1687; x_wconf 87' lang='lat' dir='ltr'><strong>aurium</strong></span> <span class='ocrx_word' id='word_1_166' title='bbox 906 1666 922 1673; x_wconf 96' lang='lat'>-</span> <span class='ocrx_word' id='word_1_167' title='bbox 1142 1664 1158 1672; x_wconf 91' lang='lat'><em>-</em></span> <span class='ocrx_word' id='word_1_168' title='bbox 1391 1663 1408 1672; x_wconf 90' lang='lat'>-</span> <span class='ocrx_word' id='word_1_169' title='bbox 1524 1654 1564 1682; x_wconf 94' lang='lat'><strong>0.</strong></span> <span class='ocrx_word' id='word_1_170' title='bbox 1629 1655 1665 1692; x_wconf 82' lang='lat'><strong>3.</strong></span> <span class='ocrx_word' id='word_1_171' title='bbox 1729 1656 1765 1693; x_wconf 88' lang='lat'><strong>3.</strong></span> 
     </span>
     <span class='ocr_line' id='line_1_24' title="bbox 419 1694 1459 1756; baseline -0.012 -7"><span class='ocrx_word' id='word_1_172' title='bbox 419 1704 615 1753; x_wconf 85' lang='lat' dir='ltr'><strong>Altitudo</strong></span> <span class='ocrx_word' id='word_1_173' title='bbox 641 1701 851 1749; x_wconf 82' lang='lat' dir='ltr'><strong>animalis,</strong></span> <span class='ocrx_word' id='word_1_174' title='bbox 881 1697 933 1742; x_wconf 83' lang='lat' dir='ltr'><strong>ab</strong></span> <span class='ocrx_word' id='word_1_175' title='bbox 959 1697 1178 1740; x_wconf 82' lang='lat' dir='ltr'><strong>intervallo</strong></span> <span class='ocrx_word' id='word_1_176' title='bbox 1204 1694 1459 1756; x_wconf 85' lang='lat' dir='ltr'><strong>scapularum</strong></span> 
     </span>
     <span class='ocr_line' id='line_1_25' title="bbox 525 1755 1761 1805; baseline -0.015 0"><span class='ocrx_word' id='word_1_177' title='bbox 525 1762 580 1805; x_wconf 86' lang='lat' dir='ltr'><strong>acl</strong></span> <span class='ocrx_word' id='word_1_178' title='bbox 601 1774 753 1805; x_wconf 85' lang='lat' dir='ltr'><strong>terram</strong></span> <span class='ocrx_word' id='word_1_179' title='bbox 777 1755 906 1801; x_wconf 59' lang='lat' dir='ltr'><strong>ducto</strong></span> <span class='ocrx_word' id='word_1_180' title='bbox 927 1755 998 1798; x_wconf 89' lang='lat' dir='ltr'><strong>filo</strong></span> <span class='ocrx_word' id='word_1_181' title='bbox 1142 1782 1158 1788; x_wconf 94' lang='lat'><em>-</em></span> <span class='ocrx_word' id='word_1_182' title='bbox 1391 1780 1407 1787; x_wconf 85' lang='lat'><em>-</em></span> <span class='ocrx_word' id='word_1_183' title='bbox 1526 1769 1564 1798; x_wconf 87' lang='lat'><strong>2.</strong></span> <span class='ocrx_word' id='word_1_184' title='bbox 1624 1771 1662 1798; x_wconf 81' lang='lat'><strong>2,</strong></span> <span class='ocrx_word' id='word_1_185' title='bbox 1723 1761 1761 1799; x_wconf 58' lang='lat'><strong>5,</strong></span> 
     </span>
     <span class='ocr_line' id='line_1_26' title="bbox 416 1812 1761 1862; baseline -0.001 -5"><span class='ocrx_word' id='word_1_186' title='bbox 416 1842 468 1852; x_wconf 89' lang='lat'><strong>--</strong></span> <span class='ocrx_word' id='word_1_187' title='bbox 583 1840 633 1847; x_wconf 88' lang='lat'><em>-</em></span> <span class='ocrx_word' id='word_1_188' title='bbox 749 1838 799 1845; x_wconf 92' lang='lat'>—</span> <span class='ocrx_word' id='word_1_189' title='bbox 859 1830 883 1856; x_wconf 87' lang='lat' dir='ltr'><strong>a</strong></span> <span class='ocrx_word' id='word_1_190' title='bbox 899 1813 1049 1856; x_wconf 88' lang='lat' dir='ltr'><strong>mediis</strong></span> <span class='ocrx_word' id='word_1_191' title='bbox 1068 1813 1233 1862; x_wconf 88' lang='lat' dir='ltr'><strong>lumbis,</strong></span> <span class='ocrx_word' id='word_1_192' title='bbox 1252 1812 1304 1855; x_wconf 88' lang='lat' dir='ltr'><strong>ad</strong></span> <span class='ocrx_word' id='word_1_193' title='bbox 1314 1824 1467 1856; x_wconf 87' lang='lat' dir='ltr'><strong>terram</strong></span> <span class='ocrx_word' id='word_1_194' title='bbox 1534 1829 1566 1855; x_wconf 86' lang='lat'><strong>1.</strong></span> <span class='ocrx_word' id='word_1_195' title='bbox 1599 1828 1613 1855; x_wconf 88' lang='lat'><strong>1</strong></span> <span class='ocrx_word' id='word_1_196' title='bbox 1629 1828 1664 1855; x_wconf 88' lang='lat'><strong>1.</strong></span> <span class='ocrx_word' id='word_1_197' title='bbox 1722 1830 1761 1856; x_wconf 88' lang='lat'><strong>0.</strong></span> 
     </span>
     <span class='ocr_line' id='line_1_27' title="bbox 414 1873 1762 1936; baseline -0.004 -15"><span class='ocrx_word' id='word_1_198' title='bbox 414 1874 669 1936; x_wconf 83' lang='lat' dir='ltr'><strong>Longitudo</strong></span> <span class='ocrx_word' id='word_1_199' title='bbox 687 1873 845 1932; x_wconf 88' lang='lat' dir='ltr'><strong>pedum</strong></span> <span class='ocrx_word' id='word_1_200' title='bbox 863 1873 1098 1915; x_wconf 87' lang='lat' dir='ltr'><strong>anticorum</strong></span> <span class='ocrx_word' id='word_1_201' title='bbox 1144 1897 1161 1904; x_wconf 97' lang='lat'><em>-</em></span> <span class='ocrx_word' id='word_1_202' title='bbox 1392 1894 1407 1902; x_wconf 94' lang='lat'>-</span> <span class='ocrx_word' id='word_1_203' title='bbox 1526 1887 1564 1912; x_wconf 90' lang='lat'><strong>0.</strong></span> <span class='ocrx_word' id='word_1_204' title='bbox 1598 1887 1613 1914; x_wconf 92' lang='lat'>1</span> <span class='ocrx_word' id='word_1_205' title='bbox 1627 1885 1661 1913; x_wconf 88' lang='lat'><strong>1.</strong></span> <span class='ocrx_word' id='word_1_206' title='bbox 1722 1877 1762 1915; x_wconf 88' lang='lat'><strong>6.</strong></span> 
     </span>
     <span class='ocr_line' id='line_1_28' title="bbox 450 1928 1760 1973; baseline 0 0"><span class='ocrx_word' id='word_1_207' title='bbox 450 1959 499 1967; x_wconf 82' lang='lat'><em>-</em></span> <span class='ocrx_word' id='word_1_208' title='bbox 617 1955 667 1962; x_wconf 92' lang='lat'>—</span> <span class='ocrx_word' id='word_1_209' title='bbox 723 1928 879 1973; x_wconf 82' lang='lat' dir='ltr'><strong>caudae</strong></span> <span class='ocrx_word' id='word_1_210' title='bbox 1134 1955 1149 1962; x_wconf 95' lang='lat'>-</span> <span class='ocrx_word' id='word_1_211' title='bbox 1384 1952 1401 1960; x_wconf 90' lang='lat'>-</span> <span class='ocrx_word' id='word_1_212' title='bbox 1521 1944 1560 1971; x_wconf 88' lang='lat'><strong>0.</strong></span> <span class='ocrx_word' id='word_1_213' title='bbox 1594 1945 1658 1973; x_wconf 92' lang='lat'><strong>10.</strong></span> <span class='ocrx_word' id='word_1_214' title='bbox 1721 1934 1760 1973; x_wconf 91' lang='lat'><strong>6.</strong></span> 
     </span>
     <span class='ocr_line' id='line_1_29' title="bbox 414 1983 1757 2041; baseline -0.007 -3"><span class='ocrx_word' id='word_1_215' title='bbox 414 1991 626 2041; x_wconf 83' lang='lat' dir='ltr'><strong>Craffities</strong></span> <span class='ocrx_word' id='word_1_216' title='bbox 644 1989 777 2033; x_wconf 83' lang='lat' dir='ltr'><strong>trunci</strong></span> <span class='ocrx_word' id='word_1_217' title='bbox 798 1991 949 2039; x_wconf 86' lang='lat' dir='ltr'><strong>major,</strong></span> <span class='ocrx_word' id='word_1_218' title='bbox 980 1985 1052 2028; x_wconf 90' lang='lat' dir='ltr'><strong>filo</strong></span> <span class='ocrx_word' id='word_1_219' title='bbox 1072 1983 1209 2029; x_wconf 59' lang='lat' dir='ltr'><strong>cintsta</strong></span> <span class='ocrx_word' id='word_1_220' title='bbox 1385 2011 1399 2018; x_wconf 97' lang='lat'><em>-</em></span> <span class='ocrx_word' id='word_1_221' title='bbox 1525 2001 1560 2039; x_wconf 84' lang='lat'><strong>3.</strong></span> <span class='ocrx_word' id='word_1_222' title='bbox 1621 2002 1660 2029; x_wconf 88' lang='grc' dir='ltr'><strong>ο,</strong></span> <span class='ocrx_word' id='word_1_223' title='bbox 1719 2003 1757 2029; x_wconf 92' lang='lat' dir='ltr'><strong>o.</strong></span> 
     </span>
     <span class='ocr_line' id='line_1_30' title="bbox 444 2041 1762 2099; baseline -0.001 -11"><span class='ocrx_word' id='word_1_224' title='bbox 444 2073 496 2081; x_wconf 92' lang='grc'><strong>-</strong></span> <span class='ocrx_word' id='word_1_225' title='bbox 612 2071 662 2080; x_wconf 92' lang='grc'>-</span> <span class='ocrx_word' id='word_1_226' title='bbox 779 2044 833 2088; x_wconf 88' lang='lat' dir='ltr'><strong>ad</strong></span> <span class='ocrx_word' id='word_1_227' title='bbox 856 2044 1019 2087; x_wconf 84' lang='lat' dir='ltr'><strong>femora</strong></span> <span class='ocrx_word' id='word_1_228' title='bbox 1043 2042 1066 2086; x_wconf 87' lang='lat' dir='ltr'><strong>s.</strong></span> <span class='ocrx_word' id='word_1_229' title='bbox 1083 2043 1275 2086; x_wconf 81' lang='lat' dir='ltr'><strong>transilia</strong></span> <span class='ocrx_word' id='word_1_230' title='bbox 1285 2041 1463 2087; x_wconf 63' lang='lat' dir='ltr'><strong>striciior</strong></span> <span class='ocrx_word' id='word_1_231' title='bbox 1525 2059 1561 2087; x_wconf 84' lang='lat'><strong>2.</strong></span> <span class='ocrx_word' id='word_1_232' title='bbox 1621 2061 1661 2099; x_wconf 89' lang='lat'><strong>9.</strong></span> <span class='ocrx_word' id='word_1_233' title='bbox 1724 2052 1762 2087; x_wconf 89' lang='lat'><strong>6.</strong></span> 
     </span>
    </p>
   </div>
   <div class='ocr_carea' id='block_1_5' title="bbox 411 2135 1798 2199">
    <p class='ocr_par' dir='ltr' id='par_1_5' title="bbox 411 2135 1798 2199">
     <span class='ocr_line' id='line_1_31' title="bbox 411 2135 1798 2199; baseline -0.006 -10"><span class='ocrx_word' id='word_1_234' title='bbox 411 2151 570 2189; x_wconf 87' lang='lat' dir='ltr'><strong>Dentes</strong></span> <span class='ocrx_word' id='word_1_235' title='bbox 588 2144 630 2185; x_wconf 88' lang='lat' dir='ltr'><strong>in</strong></span> <span class='ocrx_word' id='word_1_236' title='bbox 655 2141 759 2186; x_wconf 76' lang='lat' dir='ltr'><strong>vivo</strong></span> <span class='ocrx_word' id='word_1_237' title='bbox 784 2137 1014 2199; x_wconf 84' lang='lat' dir='ltr'><strong>superiores</strong></span> <span class='ocrx_word' id='word_1_238' title='bbox 1045 2137 1221 2180; x_wconf 84' lang='lat' dir='ltr'><strong>truncati</strong></span> <span class='ocrx_word' id='word_1_239' title='bbox 1245 2135 1288 2178; x_wconf 62' lang='lat' dir='ltr'><strong>de</strong></span> <span class='ocrx_word' id='word_1_240' title='bbox 1314 2138 1520 2195; x_wconf 75' lang='lat' dir='ltr'><strong>praetriti,</strong></span> <span class='ocrx_word' id='word_1_241' title='bbox 1552 2137 1690 2194; x_wconf 85' lang='lat' dir='ltr'><strong>primo</strong></span> <span class='ocrx_word' id='word_1_242' title='bbox 1707 2139 1798 2187; x_wconf 79' lang='lat' dir='ltr'><strong>vix,</strong></span> 
     </span>
    </p>
   </div>
   <div class='ocr_carea' id='block_1_6' title="bbox 297 2194 1797 2297">
    <p class='ocr_par' dir='ltr' id='par_1_6' title="bbox 297 2194 1797 2297">
     <span class='ocr_line' id='line_1_32' title="bbox 297 2194 1797 2261; baseline -0.008 -10"><span class='ocrx_word' id='word_1_243' title='bbox 297 2207 396 2252; x_wconf 83' lang='lat' dir='ltr'><strong>dein</strong></span> <span class='ocrx_word' id='word_1_244' title='bbox 413 2199 591 2249; x_wconf 86' lang='lat' dir='ltr'><strong>successu</strong></span> <span class='ocrx_word' id='word_1_245' title='bbox 604 2199 807 2258; x_wconf 88' lang='lat' dir='ltr'><strong>temporis</strong></span> <span class='ocrx_word' id='word_1_246' title='bbox 836 2194 1114 2243; x_wconf 80' lang='lat' dir='ltr'><strong>transversum</strong></span> <span class='ocrx_word' id='word_1_247' title='bbox 1156 2195 1336 2253; x_wconf 81' lang='lat' dir='ltr'><strong>digitum</strong></span> <span class='ocrx_word' id='word_1_248' title='bbox 1371 2207 1492 2239; x_wconf 75' lang='lat' dir='ltr'><strong>extra</strong></span> <span class='ocrx_word' id='word_1_249' title='bbox 1522 2194 1797 2261; x_wconf 33' lang='lat' dir='ltr'><strong>labium-pro-</strong></span> 
     </span>
     <span class='ocr_line' id='line_1_33' title="bbox 1635 2269 1795 2297; baseline 0 0"><span class='ocrx_word' id='word_1_250' title='bbox 1635 2269 1795 2297; x_wconf 80' lang='lat' dir='ltr'><strong>minue-</strong></span> 
     </span>
    </p>
   </div>
  </div>
 </body>
</html>
