1998 2701
536 225 694 282 ’³³40AE
807 226 955 281 (29)
1071 225 1228 281 ’ἒῆᾱέ

142 336 266 376 statim
292 347 387 375 vere
403 333 452 375 ad
478 331 793 374 Kamtschatkam
817 328 900 373 feffi
918 343 958 373 et
977 332 1150 374 emaci-ati
1167 331 1359 384 redeunt,
1399 342 1438 372 et
1456 331 1546 371 inde
1557 343 1629 385 per

141 389 364 433 universam
383 389 564 431 Sibiriam
584 401 728 442 agmen
747 387 965 442 explicant,
995 387 1064 429 ubi
1084 401 1192 429 novo
1211 401 1250 429 et
1270 386 1488 429 abundanti
1511 387 1631 441 pabu-

142 447 181 488 lo
198 445 474 501 pinguescunt.
532 443 764 485 Earundem
790 443 1010 496 specierum
1029 456 1118 497 pars
1136 457 1185 485 ex
1202 442 1482 498 hybernaculis
1502 441 1551 483 ab
1579 441 1631 482 al·

143 515 228 544 tero
248 502 367 543 latere
385 513 491 542 trans
511 499 720 541 Oceanum
744 500 993 540 Atlanticum
1016 511 1055 541 et
1081 498 1423 555 septentrionalem
1443 498 1480 538 in
1501 498 1633 539 Euro—

142 572 233 613 pam
255 559 429 612 migrare
447 555 645 608 adsuevit,
678 567 717 596 et
741 569 814 611 per
841 555 1115 610 Germaniam,
1170 556 1373 608 Sueciam,
1417 555 1633 603 Poloniam,

142 616 223 655 imo
242 613 290 654 ad
315 613 483 654 Ruffiam
502 612 629 667 usque
650 610 865 666 spargitur3
897 613 954 652 uti
977 610 1159 653 Berniela
1177 626 1249 667 per
1266 610 1578 652 Groenlandiam
1596 622 1634 650 et

142 669 354 715 lslandiam
374 670 412 708 in
433 667 696 722 Hyberniam,
731 669 916 719 Scotiam,
943 668 1197 723 Norvegiam
1222 667 1393 709 advolat.
1457 665 1632 706 Amitmn

142 739 241 766 vero
261 723 395 765 dulces
422 737 543 778 aquas
557 721 901 778 frequentantium
928 725 1161 765 innumerae
1196 724 1361 779 species,
1399 721 1541 774 Mergi
1576 722 1632 761 iti-

142 780 256 831 dem,
289 778 460 834 Colymbi
481 792 602 833 atque
633 777 775 833 Cycni,
804 780 874 833 qui
895 778 1068 820 eundem
1089 793 1181 820 cum
1211 779 1411 832 prioribus
1439 777 1634 832 migratio-

142 836 201 875 nis
231 847 375 888 typum
394 848 469 889 pro
489 835 660 874 maxima
679 846 791 889 parte
809 835 973 886 servant,
1006 834 1128 875 ficubi
1156 836 1196 875 in
1224 833 1517 874 australioribus
1542 831 1635 871 locis

142 889 274 944 stagna
307 901 376 930 aut
404 889 657 943 scaturigines
685 889 886 930 calidiores
916 891 1135 941 inveniant,
1173 902 1276 944 quae
1304 888 1475 942 hyemali
1513 887 1636 942 glacie

142 959 222 986 non
244 944 504 993 concrescant,
536 957 575 985 et
594 944 662 986 ubi
684 958 759 1000 pro
778 945 980 1000 prioribus
1000 945 1170 1000 pisciculi
1191 957 1229 985 et
1246 943 1399 995 insecta,
1430 957 1505 998 pro
1525 943 1636 996 Cyg-

143 1002 202 1041 nis
224 1012 356 1040 autem
377 1000 579 1055 Equiseta,
609 1001 964 1057 Pommogemnes,
997 1002 1295 1055 praecipueque
1317 999 1478 1040 Calthae
1506 1011 1544 1040 et
1564 997 1636 1038 La·

142 1055 249 1112 pathi
271 1057 439 1110 aquatici
457 1056 606 1096 radices
635 1056 841 1097 abundent
898 1054 966 1111 h),
995 1056 1047 1096 ibi
1066 1070 1137 1111 per
1156 1056 1330 1110 hyemen
1347 1068 1528 1105 manent,
1568 1066 1637 1093 ne-

144 1125 225 1166 que
255 1124 393 1152 omnes
420 1111 578 1151 abeunt.
640 1112 747 1148 Hinc
774 1113 813 1147 in
849 1113 1153 1162 migrationibus
1179 1109 1314 1149 avium
1347 1108 1433 1150 fere
1450 1109 1556 1150 nulla
1584 1109 1638 1149 est

144 1166 281 1221 regula
298 1166 375 1206 sine
395 1164 629 1216 exceptione
645 1195 654 1213 ,
683 1162 913 1217 multaeque
941 1164 1077 1204 avium
1103 1166 1398 1218 aquaticarum,
1444 1179 1546 1220 quae
1571 1165 1639 1204 im-

144 1223 281 1276 primis
300 1220 553 1273 migrat-,oriae
578 1216 685 1267 sunt,
716 1216 910 1268 diversas,
942 1219 1052 1270 saepe
1072 1219 1268 1260 sectantur
1296 1221 1396 1270 vias,
1438 1233 1477 1260 et
1504 1222 1543 1260 in
1568 1233 1634 1260 au·

144 1275 318 1317 straliore
336 1287 372 1314 v.
394 1286 452 1328 gr.
477 1272 586 1323 Afia,
617 1273 717 1312 circa
736 1272 850 1312 Mare
871 1272 1077 1325 Caspium,
1117 1274 1157 1313 in
1179 1273 1396 1325 Thraciae,
1436 1275 1636 1321 Graeciae,

144 1331 327 1373 Natoliae
352 1328 505 1384 aquosis
538 1341 559 1367 e
586 1328 722 1367 vicinis
751 1330 862 1369 terris
890 1327 1144 1383 colliguntur.
1203 1329 1282 1376 Sed
1307 1329 1358 1370 ad
1384 1330 1636 1386 propositum

142 1383 317 1429 redeam.

255 1495 383 1551 Anfi’r
418 1492 679 1552 hyperboreas
707 1496 836 1538 multo
881 1497 1221 1539 numerosioribus
1265 1501 1430 1541 catervis
1465 1498 1636 1550 advenit,

149 1567 272 1610 quam
289 1553 463 1607 reliquae
478 1566 615 1594 omnes
633 1551 832 1594 Anserum
846 1551 1024 1594 ferorum
1044 1554 1205 1609 speciem
1235 1556 1483 1610 nequeenim
1500 1568 1636 1595 rarum

150 1610 205 1650 est
222 1608 534 1663 quadringentos
554 1610 593 1649 in
621 1623 698 1650 una
724 1608 835 1664 saepe
862 1624 1005 1664 grege,
1053 1624 1276 1651 numerare.
1334 1610 1475 1666 Qum
1501 1622 1636 1651 autem

149 1663 308 1720 insuper
341 1665 436 1705 haec
472 1663 616 1718 species
650 1666 830 1705 omnium
865 1665 919 1706 sui
945 1667 1099 1719 generis
1137 1665 1346 1708 stultiffima
1373 1667 1436 1718 fit,
1491 1679 1636 1720 magna

151 1721 362 1776 quorannis
383 1722 422 1760 vi
440 1734 461 1761 a
480 1719 624 1761 lakutis
643 1733 682 1761 et
700 1721 821 1761 Ruffis
842 1721 953 1761 lanae
975 1734 1014 1762 et
1032 1721 1253 1777 Indigiskae
1264 1724 1402 1764 accolis
1413 1723 1636 1776 capiuntur.

149 1776 303 1818 Modus
324 1790 456 1818 autem
477 1788 683 1831 capturae,
708 1776 1053 1832 quemadmodum
1080 1778 1251 1819 maxime
1277 1778 1466 1821 ridiculus
1492 1777 1566 1829 est,
1596 1789 1635 1818 et

891 1833 929 1874 D
952 1848 972 1886 3
1537 1833 1635 1874 stoli-

195 1939 239 1979 h)
263 1937 372 1968 Hocce
393 1937 538 1976 pabulum
561 1940 735 1980 vegetabile
750 1940 897 1981 imprimis
916 1943 995 1970 amat
1012 1940 1163 1982 Cygnus,
1186 1944 1247 1970 tam
1271 1939 1358 1979 ferae
1382 1939 1510 1981 speciei,
1543 1950 1631 1981 quam

242 1989 320 2020 quae
337 1979 459 2009 mansue
477 1985 507 2009 ta
523 1981 611 2011 nobis
630 1983 749 2021 ‹iit-itur7
777 1989 807 2012 et
831 1982 859 2012 in
879 1982 984 2012 Sibiria
1000 1983 1112 2021 pariter
1134 1982 1198 2012 fera
1223 1983 1365 2012 abundat.
1405 1982 1508 2023 Hujus
1533 1983 1631 2023 pabuli

242 2021 441 2057 abundantia,
465 2022 538 2052 teste
554 2022 753 2057 STELLERO.
778 2025 807 2054 in
826 2023 1036 2054 Kanttschatka
1053 2025 1165 2064 hyeme
1182 2035 1309 2066 cygnos
1325 2026 1364 2054 ita
1380 2024 1578 2065 pinguefacit,
1598 2032 1632 2055 ut

241 2064 292 2103 qui
310 2063 384 2094 alias
402 2063 522 2093 mensae
541 2065 661 2104 prorsus
681 2067 805 2097 inutiles
822 2066 903 2096 sunt.
927 2067 1061 2106 duraque
1079 2070 1108 2095 et
1124 2077 1224 2096 macra
1244 2076 1336 2096 carne
1362 2066 1451 2096 etiam
1470 2068 1500 2097 in
1511 2067 1631 2097 citerio-

239 2115 273 2136 re
307 2105 411 2135 Sibiria
444 2106 648 2143 detestabiles,
685 2108 776 2149 sapidi
803 2108 892 2145 fiant,
924 2109 1096 2148 praesertim
1119 2109 1275 2149 juniores.
1312 2109 1374 2138 imo
1390 2108 1629 2140 deliciasmense

242 2148 420 2187 praebcant.
446 2148 485 2178 ica
507 2148 623 2189 saepius
647 2151 734 2191 adipe
750 2151 879 2186 sufferti,
901 2158 932 2181 ut
948 2151 994 2180 vix
1012 2150 1149 2181 intestina
1173 2150 1307 2192 conspici
1329 2156 1452 2190 queant.
