1998 2701
789 212 949 270 §aaa
1062 212 1182 268 (ε)
1297 211 1456 269 effi

494 322 740 366 Gratiffimae
758 319 873 363 fuere
893 319 1204 369 observationes,
1234 333 1337 375 quas:
1352 321 1392 361 in
1422 320 1523 361 vivis
1550 319 1650 362 hisce
1675 321 1789 363 Ranis
1813 323 1867 364 in·-

376 384 523 425 stitutas
542 378 656 420 simul
682 378 991 419 communicavit
1009 377 1212 429 inventor,
1243 390 1424 431 quasque
1452 376 1715 419 lubentiffirne
1743 391 1868 432 appo*-

375 451 451 489 no,
481 449 611 491 quum
627 446 669 474 et
683 433 733 474 ad
751 432 1032 489 perficiendam
1058 434 1152 474 novi
1179 432 1415 474 Germaniae
1441 432 1630 487 amphibii
1657 432 1868 484 historiam,

373 505 416 535 et
442 491 492 532 ad
521 489 743 531 illustranda
755 503 811 537 ea,
842 503 944 544 quae
966 490 1005 528 in
1024 489 1334 530 Chamaeleonte
1352 491 1564 543 miramur,
1592 488 1870 544 phoenomena

376 547 606 592 mutationis
625 545 807 588 colorum
826 545 1030 600 infigniter
1046 543 1201 586 faciant.

491 632 671 674 Primum
690 629 810 683 hujus
839 643 955 670 ranae
983 630 1219 684 exemplum
1243 632 1281 670 in
1310 627 1503 671 umbroso
1528 629 1618 671 valli
1655 628 1873 671 suburbani

377 690 488 741 loco,
536 690 639 728 inter
665 687 738 727 alta
763 699 884 741 atque
913 684 1027 726 densa
1055 687 1235 740 gramina
1261 686 1447 727 latentem
1478 686 1672 726 EDLERvs
1709 686 1873 726 invenit-

376 745 582 800 Apparuit
602 756 698 784 tunc
723 743 833 783 color
852 743 970 783 totius
988 742 1162 782 animalis
1181 743 1294 783 albus
1310 775 1320 794 ,
1350 741 1512 783 maculis
1531 741 1614 782 latis
1632 741 1874 796 pulcerrime

379 801 521 856 pralini
541 805 606 839 leu
631 799 822 854 graminei
844 798 1007 849 coloris,
1038 798 1343 852 verruculisque
1360 796 1480 839 fulvis
1507 796 1748 852 conspersus.
1802 797 1874 837 Po·

378 857 583 910 steaquam
605 868 708 895 vero
723 854 910 896 confflem
930 854 1003 895 sese
1024 855 1278 908 inquietatam
1301 854 1421 906 sensit,
1453 866 1539 895 toto
1556 866 1725 908 corpore
1750 850 1874 892 inflari

378 911 456 952 visa
476 912 549 964 est,
581 923 619 952 et
638 910 750 952 albus
783 910 896 952 color
922 910 1033 951 fimul
1068 911 1107 950 in
1134 911 1338 951 cinereum
1378 908 1632 962 (afiligran)
1674 905 1875 948 diverfiffi-

378 981 497 1009 mum
516 966 763 1019 mutabatur,
789 966 1014 1021 persistente
1035 978 1167 1007 tamen
1187 965 1436 1006 macularum
1456 966 1590 1005 virore
1607 975 1727 1015 atque
1747 960 1878 1001 fulve-

379 1022 470 1062 dine
497 1036 770 1063 verrucarum.
830 1022 954 1076 quue
973 1021 1047 1062 fuit
1066 1020 1222 1073 primus
1239 1018 1605 1074 metamorphoseos
1616 1017 1878 1073 temporariae

378 1076 501 1128 hujus
516 1078 736 1118 animalculi
757 1077 927 1131 gradus3
958 1077 1188 1132 infigniores
1216 1077 1349 1132 postea
1368 1075 1506 1117 datum
1525 1072 1615 1117 fuit.

491 1155 761 1199 Pulcritudine
779 1153 919 1195 scilicet
938 1153 1123 1193 inventae
1140 1152 1266 1192 Ranae
1286 1165 1426 1206 captus
1446 1160 1600 1202 noster,
1635 1160 1768 1198 vivam
1791 1169 1877 1198 eane

380 1216 479 1258 dem
495 1213 650 1255 servare
669 1210 843 1263 studuit3
869 1206 981 1261 cujus
1000 1220 1135 1249 tamen
1152 1207 1239 1262 post
1254 1220 1428 1262 quatuor
1446 1207 1613 1250 demum
1633 1210 1789 1252 dierum
1808 1211 1880 1252 ob-

381 1272 567 1312 stinatum
586 1267 782 1318 jejunium
800 1264 883 1319 spes
909 1262 1073 1316 affulsit,
1130 1264 1279 1318 quibus
1306 1263 1439 1328 elapsis
1466 1267 1643 1319 primum
1671 1267 1773 1307 Rana
1803 1279 1879 1308 nu-

382 1327 617 1369 trimentum
635 1322 759 1376 cepit,
788 1320 891 1360 intra
911 1319 1051 1360 horam
1070 1319 1208 1359 decern
1236 1321 1399 1372 integris
1423 1320 1693 1364 Tenebrionis
1724 1320 1879 1362 molito·

381 1383 436 1424 ris
455 1380 572 1420 larvis
593 1376 816 1431 deglutitis;
845 1388 970 1429 quem
987 1386 1206 1415 numerum
1226 1372 1330 1414 nulla
1367 1373 1691 1429 subsequentium·
1715 1377 1881 1430 captivi-

383 1438 472 1480 tatis
490 1434 647 1476 dierum
663 1432 858 1487 aequavit,
890 1429 1114 1472 vermiculis
1132 1429 1183 1470 ad
1201 1428 1402 1470 summum
1423 1428 1575 1471 odilonis
1593 1436 1772 1485 quotidie
1789 1444 1878 1473 con·

385 1505 506 1535 tenta.
571 1488 728 1542 Duplex
754 1500 850 1529 tunc
869 1485 1078 1528 sueceffive
1098 1484 1302 1527 observata
1322 1483 1400 1527 fuit
1418 1485 1559 1529 eoloris
1576 1488 1616 1527 in
1635 1489 1772 1532 eadem
1791 1500 1878 1530 rnu-

385 1549 491 1596 tatio‚
523 1546 710 1601 insignior
731 1556 901 1598 utraque
929 1544 1074 1597 priore.

480 1629 680 1685 >(Primum
707 1630 812 1671 enim
846 1633 999 1683 (quum
1018 1638 1098 1669 tota
1118 1628 1181 1671 die
1198 1627 1396 1683 quiescere
1413 1626 1530 1670 soleat
1546 1626 1650 1669 Rana
1677 1628 1807 1670 nostra
1839 1640 1878 1672 et

386 1688 460 1732 sub
476 1685 618 1730 horam
636 1686 801 1728 demum
820 1684 1024 1739 septimam
1042 1683 1302 1740 vespertinam
1324 1685 1458 1740 vagari
1477 1685 1660 1738 occipiat,
1690 1697 1768 1726 tota
1789 1699 1879 1727 noc-

387 1757 429 1788 te
448 1744 542 1799 vigil
565 1741 738 1796 futura,)
769 1742 894 1782 Io-mni
911 1753 1094 1795 tempore
1118 1741 1362 1782 macularum
1385 1740 1494 1782 color
1522 1740 1654 1780 viridis
1680 1740 1814 1782 abibat
1838 1743 1878 1782 in

389 1801 507 1856 supra
527 1810 797 1840 memoratum
817 1799 1038 1844 cinereum,
1067 1797 1291 1853 perfistente
1311 1796 1423 1838 fimul
1443 1795 1607 1837 naturali
1623 1797 1724 1838 inter
1744 1811 1879 1840 macu-

390 1858 443 1898 las
462 1854 661 1909 albedine3
689 1867 735 1896 ut
753 1854 927 1894 virorem
953 1853 1069 1894 istum
1088 1853 1168 1895 solo
1195 1851 1367 1894 animalis
1394 1851 1590 1907 vigilantis
1616 1852 1746 1907 vigori
1772 1854 1878 1894 vitali

390 1910 689 1954 attribuendum
708 1908 783 1952 esse
813 1909 974 1951 diceres.
1261 1916 1263 1918 ·

500 1993 678 2037 Alteram
710 1990 855 2036 deinde
867 1993 998 2036 adhuc
1016 1991 1205 2047 majorem
1225 1992 1406 2035 colorum
1426 1990 1693 2034 alterationem
1721 1991 1876 2035 efficere

392 2049 541 2093 solebat
575 2051 675 2093 Solis
724 2051 861 2101 ardor,
912 2064 1034 2105 quem
1071 2051 1240 2091 maxime
1267 2049 1518 2090 aversabatur
1550 2060 1668 2103 atque
1695 2045 1876 2103 fugiebat

392 2106 552 2161 animal,
583 2120 622 2151 et
642 2107 716 2162 qui
723 2140 735 2162 ‚
764 2105 1038 2150 constrictione
1065 2105 1225 2149 forsitan
1244 2119 1445 2161 potorum
1463 2116 1583 2159 atque
1613 2104 1777 2147 siccitate
1810 2118 1875 2167 cu-

1829 2172 1876 2201 ns
