1998 2701
518 230 700 297 'KQ-52*
816 240 966 291 (23)
1075 237 1236 296 W

138 356 207 379 ——'
301 347 352 390 ad
377 346 571 390 summam
591 345 717 402 usque
741 344 846 387 basin
866 345 974 404 pinn.
992 343 1143 400 peel-or.
1402 345 1455 386 0‘.
1478 345 1538 386 11¹.
1549 344 1630 391 gns,

138 432 188 438 —
297 403 424 459 usque
443 403 493 445 ad
519 415 632 444 nares
848 429 899 436 —
1115 428 1166 436 —
1394 416 1432 444 0.
1463 414 1506 444 0.
1538 414 1600 442 10.

138 458 326 501 Distantia
351 460 506 501 narium
533 460 635 500 inter
671 457 709 500 se
928 486 978 494 —-
1177 481 1226 490 --
1397 471 1436 499 0.
1473 470 1506 498 1.
1539 467 1576 502 8.

137 514 328 556 Latitudo
349 517 560 570 pinnarum
586 514 849 570 pectoralium
869 513 919 555 ad
937 513 1043 556 basin
1182 539 1232 547 —
1393 527 1432 554 o.
1475 527 1508 554 1.
1541 526 1604 554 10.

137 570 208 611 Ab
233 570 350 612 oculo
368 570 492 626 usque
510 571 559 611 ad
585 571 764 625 operculi
791 571 1006 611 terminum
1034 568 1279 625 superiorem
1393 582 1432 609 0.
1474 581 1510 609 2.
1538 582 1578 611 o.

137 624 329 668 Latitudo
349 629 528 682 corporis
548 628 737 681 maxima,
765 627 867 669 circa
889 624 1069 668 medium
1178 651 1227 659 —-
1397 638 1435 665 0.
1465 630 1503 665 6.
1537 632 1597 678 75.

137 709 187 715 ——
297 683 439 738 pinnae
475 682 619 724 caudae
837 710 887 717 -
1121 708 1172 716 -—
1391 694 1430 722 0.
1467 691 1505 719 0.
1540 692 1603 721 10.

136 735 372 794 Longitudo
407 738 584 793 ejusdem
814 766 863 773 —-
1113 764 1164 770 -
1389 748 1429 778 0.
1469 747 1501 775 1.
1539 739 1576 780 8.

490 865 548 916 A
613 860 678 916 N
737 864 795 916 A
870 865 919 916 T
980 865 1019 912 Ο
1090 859 1167 910 M
1220 860 1283 913 E.

593 961 688 1006 Ταῦ.
716 962 815 1006 JJJ..
854 963 933 1017 fig.
951 961 1052 1007 2-6.
1067 960 1119 1003 A.
1130 960 1183 1003 B.

138 1019 282 1093 Cutis
311 1051 460 1104 mollis,
488 1051 661 1104 lubrica,
690 1054 760 1095 vix
795 1053 955 1108 corpori
991 1051 1230 1101 adhaerens,
1266 1061 1314 1091 ut
1342 1050 1440 1092 utris
1468 1048 1633 1091 adinstar

138 1108 239 1150 circa
259 1110 404 1163 piscem
425 1107 549 1150 inflari
569 1109 703 1164 poffit‚
730 1122 774 1151 ac
803 1108 997 1164 separata,
1035 1107 1185 1163 vesicae
1213 1105 1393 1163 madidae
1417 1106 1532 1144 instar
1558 1104 1634 1145 dia-

137 1163 288 1218 phana,
335 1165 488 1216 operiat
514 1177 554 1200 et
578 1176 727 1212 eorpus
755 1170 794 1200 et
819 1169 981 1213 plnnas,
1019 1155 1128 1198 ahter
1155 1169 1199 1199 ac
1218 1169 1257 1198 m
1279 1157 1362 1199 ullo
1382 1158 1483 1214 pisce
1500 1158 1634 1200 obser·

135 1231 264 1260 vatur.

246 1296 433 1341 Detracta
465 1297 574 1348 cute{
613 1309 771 1355 praeter
804 1296 964 1354 pinnas,
1007 1297 1046 1340 in
1084 1295 1341 1355 conspectum
1372 1298 1539 1340 veniunt
1566 1297 1632 1340 sex

137 1354 390 1411 musculormn
411 1354 590 1397 ordines:
620 1353 695 1396 duo
730 1350 923 1405 majores,
960 1355 1170 1408 rubentes,
1219 1353 1384 1416 oblique
1412 1354 1634 1396 secundum

138 1413 288 1469 spinam
306 1409 639 1465 descendentium,
669 1409 745 1452 duo
765 1410 940 1452 minores
960 1410 998 1451 in
1011 1407 1139 1459 dorso,
1160 1423 1205 1451 ac
1222 1410 1298 1452 duo
1316 1421 1426 1464 Juxta
1435 1421 1632 1453 ventrem.

247 1498 479 1543 Abdominis
506 1513 672 1552 cavum,
706 1500 831 1540 statim
860 1499 931 1541 sub
964 1500 1159 1542 branchiis
1189 1500 1401 1554 incipiens,
1446 1512 1632 1555 apertum

140 1555 337 1599 foetorem
356 1569 505 1598 tetrum
529 1556 610 1597 fimi
631 1569 674 1597 ac
692 1555 813 1596 fimeti
833 1557 955 1597 eversi
974 1556 1199 1611 spargebat,
1228 1568 1274 1596 ut
1301 1556 1341 1595 in
1368 1555 1632 1598 Pleuroneffi-

140 1613 232 1658 bus,
297 1610 446 1653 Pleura
462 1611 529 1652 seu
550 1612 824 1666 peritonaeum
850 1612 954 1653 intus
981 1613 1196 1665 nigricans,
1228 1625 1272 1653 ac
1289 1609 1412 1652 veluti
1438 1623 1630 1654 atramen-

141 1680 183 1710 to
203 1666 406 1711 infectum.
463 1666 621 1710 Viscera
641 1666 780 1708 ordine
801 1666 850 1706 fic
870 1667 944 1708 sese
967 1666 1157 1709 offerunt.

253 1755 405 1800 Uterus
428 1753 550 1799 refert
576 1753 734 1799 bursam
754 1752 1040 1809 orbicularem,
1068 1752 1257 1799 refertam
1278 1755 1402 1798 omlis
1424 1754 1532 1811 albis,
1549 1757 1630 1800 dia-

143 1814 304 1871 phanis,
334 1812 402 1869 pisi
426 1813 549 1866 mole,
580 1812 798 1855 cicatricula
819 1811 1000 1862 candida,
1027 1811 1259 1868 grandinosa
1293 1812 1445 1855 notatis.

256 1897 335 1940 Cor
354 1899 569 1953 trigonum,
598 1897 891 1945 rubicundum,
928 1898 1029 1939 νοω.
1057 1896 1326 1954 longitudine,
1369 1895 1484 1953 supra
1512 1904 1628 1939 aorta

143 1952 360 1997 sacciformi
385 1953 639 2005 instructum,
690 1966 735 1996 ut
762 1956 799 1994 in
827 1954 986 2008 reliquis
1014 1953 1201 2008 piscibu83
1242 1955 1360 1996 altera
1388 1967 1486 1995 vero
1516 1966 1629 2009 parte

145 2012 326 2054 emittens
352 2022 502 2062 venam,
541 2023 644 2067 quae
672 2009 832 2066 trajefiko
861 2004 1157 2068 diaphragmate
1184 2010 1305 2055 livido
1331 2011 1371 2055 in
1389 2008 1540 2066 hepatis
1557 2023 1628 2065 pa-

144 2067 362 2121 renchyma
385 2066 526 2110 transit.

1487 2179 1530 2222 H
1531 2193 1627 2235 epar
