1998 2701
442 209 645 267 περ
767 211 976 265 (33)
1093 171 1340 268 aseae*

116 307 218 350 dere
229 321 315 349 non
331 303 508 366 possum,
524 306 623 367 quia
641 304 864 365 specimina
882 303 1074 365 praesens
1092 305 1323 365 describere
1336 309 1629 367 neglexeram,

117 364 163 408 &
190 366 334 407 icones
362 363 518 408 absenti
537 362 678 407 missae
704 362 883 407 fuerunt.
958 364 1023 407 Ita
1047 376 1192 408 tamen
1218 364 1453 423 perspicuae
1474 366 1564 412 sunt
1584 368 1630 412 δε

116 435 307 466 naturam
327 424 572 481 exprimunt
583 454 593 471 ,
618 434 664 465 ut
681 421 956 481 descriptione
975 423 1053 465 vix
1070 438 1177 480 opus
1190 422 1272 466 effe
1287 424 1488 468 videatur,

233 481 398 534 Hamae
415 482 562 523 nobilis
576 480 731 527 (Edele
746 480 898 539 Harp.)
916 478 987 523 sub
1007 481 1127 523 titulo
1146 496 1171 524 a
1185 481 1324 540 Belgii
1341 482 1509 526 curiofis
1534 499 1633 529 caro

116 539 269 581 emitur
285 537 520 581 BUCClN
528 538 625 582 UM
638 539 754 598 quod
774 539 1064 591 Gezteffianmn
1084 538 1318 596 appellabo,
1335 545 1532 600 cujusque
1547 544 1636 586 ico-

116 611 218 638 nem
241 597 339 638 Taeb.
357 597 431 637 III.
447 595 609 639 nostrae
616 597 694 652 fig.
716 612 751 639 1.
779 596 1009 651 &secunda
1032 595 1229 640 exhibet.
1268 597 1399 641 Testa
1416 600 1524 642 intus
1543 602 1631 658 pul-

116 652 325 696 cherrime
349 656 771 712 purpureo-violacea
786 651 868 697 esse
884 652 1008 703 solet,
1025 666 1150 697 extus
1167 670 1272 698 vero
1290 656 1442 714 grysea
1455 656 1632 715 praeser-

115 712 193 753 tim
209 713 248 753 in
266 710 521 754 membranis
532 712 738 755 undulatis
754 712 914 755 &circa
930 711 1077 770 spiram
1094 714 1136 754 in
1157 714 1356 756 auriculas
1367 712 1629 765 ed11ffls,im-

114 767 304 812 bricatim
323 768 476 827 positis.
535 771 650 813 Inter
671 770 939 814 membranas
957 768 1190 828 superficies
1206 771 1333 814 testae
1352 773 1569 822 undulata,
1585 774 1631 818 ἀ

116 826 311 884 depressis
331 829 453 874 locis,
480 826 552 870 ubi
567 829 752 877 tenuior,
782 829 993 871 violaceus
1017 828 1134 870 color
1158 829 1285 872 etiam
1306 842 1484 873 externe
1500 844 1631 876 trans-

116 885 247 934 lucet,
281 887 396 944 quod
415 886 468 929 de
485 884 587 944 spira
607 901 780 946 quoque
802 886 1067 930 monendum
1091 886 1164 936 est.
1236 887 1416 947 Reliqua
1447 890 1545 932 icon
1570 890 1631 934 lo·

144 956 264 985 uitur.

114 957 143 1001 q
230 1001 453 1044 Buccmum
478 1005 677 1044 momocion
694 1000 885 1046 Tabulae
910 1003 1074 1045 nostrae
1100 1006 1228 1046 tertia
1244 1015 1471 1062 quartaque
1482 1006 1632 1062 figura
1696 1045 1701 1048 .

114 1057 353 1117 expressum
364 1091 375 1107 ,
397 1074 422 1101 e
438 1058 575 1101 Gallia
592 1061 730 1116 primo
747 1059 914 1102 curiosis
929 1062 1131 1109 innotuit,
1151 1060 1195 1102 ἀ
1211 1061 1487 1105 Americanae
1502 1064 1629 1122 origi·

115 1117 200 1163 nis,
217 1118 279 1157 uti
294 1117 512 1156 Buccimtm
533 1116 824 1164 Generfiamtm
836 1146 846 1162 ,
870 1114 952 1156 esse
967 1116 1108 1156 fertur.
1168 1118 1282 1157 Galli
1300 1118 1629 1163 Monocerotem

116 1172 375 1230 appellarunt
394 1172 455 1227 (la
472 1172 657 1226 Licorne)
674 1184 848 1230 propter
863 1169 1022 1229 spinam
1044 1169 1272 1215 subulatam
1299 1188 1434 1232 prope
1449 1176 1626 1220 caudam

116 1245 176 1273 ex
192 1230 391 1272 interiore
407 1241 522 1286 parte
539 1227 636 1271 labii
652 1229 822 1289 oblique
837 1228 1059 1277 exsertam,
1076 1244 1182 1288 quae
1198 1228 1294 1273 huic
1310 1231 1436 1275 testae
1451 1231 1626 1291 singula-0

116 1303 208 1330 rem
231 1285 519 1331 characterem
548 1286 734 1344 praebet.
802 1288 919 1329 Color
941 1291 1027 1340 eJ'us
1051 1287 1162 1329 intus
1182 1287 1301 1330 albus
1330 1288 1409 1338 est,
1440 1293 1627 1335 exterius

116 1343 291 1404 gryseus
305 1377 315 1393 ‚
346 1344 501 1387 eodem
523 1342 612 1386 fere
634 1345 767 1388 modo
783 1346 1042 1403 variegatus,
1072 1356 1118 1387 ut
1137 1346 1179 1387 in
1200 1346 1371 1389 Buccino
1384 1349 1542 1402 perfico,
1560 1352 1627 1395 cui

116 1416 205 1445 tota
219 1402 356 1445 forma
372 1401 416 1444 ἃ
436 1399 607 1445 craffitie
625 1402 751 1445 testae
772 1417 943 1461 quoque
962 1400 1168 1460 persimile·
1182 1403 1366 1446 nostrum
1382 1404 1451 1447 est.

233 1460 385 1502 Tuam
403 1460 640 1515 principalis
666 1457 896 1502 exhibetur
915 1459 1066 1516 figura
1086 1475 1114 1509 5
1142 1460 1188 1502 ἃ
1213 1468 1250 1503 6.
1281 1457 1416 1504 affinis
1452 1464 1629 1517 Turbini

112 1518 260 1575 scalari
275 1515 584 1561 eCuriosorum
603 1517 802 1559 ditiorum
815 1516 1028 1559 dementia
1044 1515 1204 1560 famoso
1213 1516 1342 1562 faelzo.
1387 1519 1480 1577 Ipse
1498 1523 1627 1565 rarior

117 1577 162 1618 ὄι
177 1577 309 1618 carior
324 1573 502 1617 habetur
517 1572 649 1622 solito,
675 1588 700 1616 a
716 1588 802 1631 quo
824 1572 897 1615 nisi
912 1574 1067 1615 minori
1083 1572 1252 1617 craffitie
1269 1574 1313 1617 ὅι
1330 1573 1474 1619 suturis
1488 1578 1623 1638 longi-

117 1631 367 1676 tudinalibus
386 1631 477 1689 plus
490 1631 618 1689 duplo
636 1629 1001 1679 numerosioribus,
1018 1631 1096 1673 vix
1110 1631 1246 1675 differt
1254 1648 1266 1680 ;
1296 1633 1412 1676 color
1426 1636 1553 1678 etiam
1580 1649 1625 1682 ut

117 1691 174 1733 illi
191 1690 307 1733 albus
318 1722 327 1738 ,
342 1688 443 1732 testa
456 1701 600 1732 tenera
616 1687 661 1731 <Sc
678 1685 953 1746 Anfrastibus
976 1688 1136 1739 solutis,
1164 1704 1242 1748 per
1265 1687 1368 1734 solas
1387 1690 1540 1737 suturas
1557 1709 1625 1737 co-

118 1747 387 1792 haerentibus
410 1746 617 1790 notabilis.

232 1805 431 1864 Superest
455 1804 639 1847 insolitae
661 1804 824 1848 formae
845 1803 1100 1848 Testaceum
1124 1805 1273 1862 figuris
1296 1821 1336 1861 7.
1353 1805 1402 1849 ἀ
1421 1819 1457 1854 8.
1478 1806 1623 1853 descri-

117 1875 256 1923 ptum,
290 1863 407 1922 quod
435 1861 722 1907 HELICEM
752 1863 1041 1919 Lyonetianum
1074 1878 1133 1906 ex
1163 1864 1339 1906 nomine
1372 1866 1627 1912 Celeberrimi

119 1922 356 1978 Phystophz'li
370 1920 413 1963 ἀ
437 1921 700 1977 Testaceologi
716 1920 888 1977 Hagam'
895 1920 941 1964 P.
952 1920 1344 1980 LvoNETappellare
1359 1921 1492 1966 liceat.
1550 1926 1626 1970 Et-

120 1981 235 2022 enim
256 1980 297 2021 in
322 1980 404 2032 ejus
427 1976 559 2021 solum
590 1978 636 2020 ἁ
657 1978 925 2022 GtvERsmNo
949 1980 1092 2036 mzlseis
1114 1977 1312 2022 ditiffimis
1337 1980 1499 2025 exstare
1523 1984 1622 2028 vidi.

126 2039 241 2091 Tasta
255 2048 342 2078 tota
356 2035 449 2078 alba
466 2035 542 2084 est,
559 2034 651 2078 satis
666 2035 828 2080 robusta
837 2069 848 2088 ,
871 2049 1000 2079 extus
1021 2038 1170 2085 nitida,
1187 2035 1476 2082 obsoletiffime
1490 2039 1625 2085 striata

120 2094 166 2137 ἃ
185 2094 364 2152 parvulis
382 2093 492 2151 quasi
508 2091 818 2136 contusionibus
834 2094 1072 2155 inaequalis.
1132 2096 1252 2150 Spiret
1274 2098 1435 2144 turrita,
1464 2100 1623 2149 conica,

120 2151 283 2202 obtusa,
307 2151 430 2210 plane
458 2167 547 2194 non
570 2149 809 2209 compressa.
882 2151 973 2195 Sed
998 2148 1207 2196 anfractus
1230 2151 1407 2197 basil-aris
1430 2157 1623 2214 amplior,

869 2207 911 2252 E
1509 2213 1620 2274 quafi
