1998 2701
774 275 933 333 ’Ξῆκέἓ
1049 278 1198 331 (32)
1308 275 1467 331 Qec&

387 386 556 429 orbitam
583 382 724 425 lmm'na
752 383 885 425 medio
905 383 1116 426 tuberculo
1127 385 1265 425 conico
1284 381 1512 424 umbonata.
1570 383 1772 425 Praeterea
1789 383 1873 426 sub-

387 455 450 484 tus
469 442 668 496 prominet
685 438 916 482 tuberculum
927 440 1079 482 articuli
1095 439 1284 489 maxillae,
1315 451 1353 481 et
1368 438 1484 494 supra
1503 437 1553 480 ad
1572 439 1742 481 nucham
1754 441 1872 482 utrin-

386 511 468 552 que
485 497 595 539 t'uber
613 497 798 553 planum,
828 495 1028 539 callosum.

494 578 748 622 Membranae
768 577 1006 623 branclziales
1025 579 1098 623 sub
1119 581 1213 637 gula
1229 579 1444 623 transversa
1459 592 1551 623 cute
1571 589 1772 633 comatae,
1791 577 1876 620 sex-

385 636 574 690 radiatae‚
603 636 768 679 scabrae.

499 721 658 775 Corpus
685 734 706 762 a
727 721 806 763 lato
828 723 953 777 capite
979 721 1116 763 sensim
1133 721 1422 778 compreffum,
1458 719 1713 776 angulatum,
1750 718 1878 775 officu-

387 777 436 820 lis
454 777 688 820 umbilicatis
706 777 923 820 loricatum.
991 777 1123 820 Series
1149 778 1406 820 officulorum
1437 775 1661 831 primariae
1686 777 1878 830 utrinque

388 848 436 886 2,
459 834 613 888 exiguis
641 846 679 873 et
714 836 871 876 muticis
898 834 1072 877 loriculis
1100 849 1120 875 a
1148 836 1273 889 capite
1293 846 1402 876 ortae
1422 846 1461 874 et
1479 832 1528 874 ad
1549 830 1716 874 caudam
1752 830 1877 886 usque

387 889 589 942 exteniae3
626 888 776 930 laminis
802 890 1040 946 compositae
1066 890 1317 932 transverfim
1345 889 1552 943 oblongis,
1599 886 1730 927 media
1754 885 1877 940 spina

388 944 525 985 obtusa
550 943 797 997 umbonatis,
829 958 868 988 et
885 947 934 988 ab
952 947 1132 988 umbone
1155 945 1331 987 radiatim
1357 945 1503 985 stri-atis.
1562 943 1651 983 Hae
1670 955 1777 996 pone
1794 943 1878 996 pin-

388 1013 479 1041 nam
489 1001 550 1039 ani
565 1001 792 1053 contiguae,
822 1001 1044 1056 parallelae5
1074 1003 1247 1042 anterius
1261 999 1470 1053 interjectis
1478 996 1643 1052 scutulis
1654 997 1790 1050 planis,
1808 997 1879 1038 ob·

388 1052 607 1096 soletisfime
621 1055 855 1096 umbilicatis
878 1056 1163 1102 intervallatae3
1192 1056 1341 1108 quibus
1367 1053 1418 1095 ad
1446 1064 1567 1108 caput
1584 1050 1736 1105 aliquot
1759 1049 1877 1093 infer·

386 1123 437 1151 ne
452 1121 564 1149 extra
579 1108 716 1150 seriem
735 1109 930 1152 accedunt
947 1110 1148 1166 insigniter
1164 1109 1399 1152 umbilicata.
1456 1109 1501 1150 In
1519 1107 1733 1149 abdomine
1753 1105 1882 1162 series

387 1165 484 1206 duae
511 1162 605 1204 aliae
629 1161 887 1202 officulorum
914 1167 1140 1211 minorum,
1178 1166 1521 1216 umbilicatorum,
1567 1165 1739 1205 anterius
1765 1164 1882 1204 inter-

387 1219 487 1275 jefi’ta
513 1218 609 1260 serie
636 1216 807 1271 abrupta
831 1215 1077 1257 lamellarum
1112 1215 1297 1268 exilium,
1335 1218 1527 1270 corioque
1552 1219 1626 1256 late
1643 1218 1880 1260 scaberrimo

390 1275 592 1324 distantes,
616 1271 750 1312 versus
775 1273 937 1326 pinnam
955 1272 1017 1312 ani
1034 1272 1351 1326 approximatae,
1381 1271 1472 1312 hinc
1492 1272 1724 1325 contiguae,
1753 1275 1881 1315 minu-

390 1332 436 1372 tis
465 1327 646 1370 coriculis
665 1327 830 1367 caudam
848 1326 986 1367 subtus
1006 1326 1157 1379 legunt.
1215 1326 1305 1368 Alia
1316 1325 1470 1379 gemina
1485 1324 1612 1381 firies
1638 1326 1801 1369 dorsum
1829 1340 1882 1369 te·

391 1386 470 1441 git,
500 1384 600 1425 inter
619 1394 717 1436 quas
738 1383 880 1435 pinnae
901 1379 1067 1421 dorsales
1088 1379 1345 1431 exseruntur,
1382 1395 1568 1435 quaeque
1601 1383 1642 1422 in
1674 1383 1883 1425 intervallo

391 1443 604 1497 pinnarum
638 1436 847 1478 dorfiilium
882 1436 1098 1491 insignibus
1131 1448 1169 1477 et
1205 1437 1566 1491 prominentiffimis
1596 1436 1753 1478 scutulis
1790 1452 1883 1481 con—

392 1498 499 1539 stant.
578 1495 688 1534 Ante
717 1494 879 1547 pinnam
906 1491 1009 1533 dorsi
1035 1493 1211 1547 priorem
1235 1490 1355 1534 miella
1372 1492 1532 1534 lamellis
1549 1493 1725 1548 parvulis
1745 1494 1881 1536 striatis

390 1549 568 1600 obceeta,
601 1561 779 1602 quorum
797 1560 836 1588 et
853 1547 1005 1602 aliquae
1024 1549 1125 1589 inter
1144 1549 1247 1589 initia
1267 1548 1455 1591 serierum
1485 1547 1700 1591 dorsalium
1727 1561 1767 1590 et
1794 1550 1884 1593 late-

392 1607 535 1650 ralium
555 1605 672 1659 spatia
695 1604 867 1659 explent.
917 1602 1033 1645 Anus
1050 1602 1182 1646 forma
1200 1605 1333 1658 rimae,
1367 1613 1381 1658 ξ
1402 1604 1658 1660 longitudinis
1667 1605 1718 1646 ab
1737 1619 1818 1648 ore.

501 1687 633 1731 Pinna
653 1686 821 1743 dorfizlis
846 1689 1020 1730 anterior
1038 1689 1192 1731 nuchae
1209 1690 1414 1745 proxima,
1451 1688 1730 1742 robustisfima,
1777 1704 1799 1731 e
1827 1704 1883 1733 ra·

392 1748 463 1790 diis
496 1746 533 1787 6.
552 1744 758 1795 subulatiS,
789 1743 838 1785 ad
866 1744 971 1785 basin
989 1747 1180 1801 utrinque
1201 1749 1282 1788 acie
1303 1745 1516 1801 angulatis,
1559 1759 1738 1799 quorum
1764 1747 1882 1800 primi

392 1800 678 1853 confertissimi,
713 1799 825 1842 faEta.
887 1799 1049 1843 Corium
1070 1802 1171 1844 inter
1188 1803 1316 1845 radios
1346 1800 1531 1854 crassum,
1571 1800 1706 1842 versus
1739 1803 1882 1856 pinnae

393 1859 614 1913 marginem
632 1856 824 1899 scabrum.

462 1938 552 2038 ssUP.
583 1939 687 1994 dor-fi
721 1939 844 1982 altera
865 1941 1012 1984 caudae
1037 1944 1224 2000 propior,
1252 1941 1457 1984 radiorum
1490 1956 1526 1994 7.
1553 1941 1797 1997 fimplicium,
1817 1938 1881 1981 sed

394 2011 461 2040 mo
493 2010 635 2038 iorum.

508 2080 549 2122 P.
566 2078 785 2134 pefi‘orales
804 2094 990 2136 magnae,
1021 2082 1138 2135 latae,
1175 2082 1434 2137 rotundatae,
1464 2081 1668 2124 radiorum
1702 2093 1763 2123 12.
1783 2093 1880 2135 quo·

394 2151 486 2181 rum
514 2135 691 2180 summus
719 2138 848 2192 exilis,
888 2151 1026 2181 onmes
1065 2138 1265 2195 fimplices.

1721 2221 1764 2262 P.
1793 2234 1879 2263 ven-
