1998 2701
727 219 887 277 &ms-‘3³‘
1003 218 1187 274 (8)
1300 219 1463 277 ’2052‘

355 329 513 387 givoris
548 326 794 371 animalibus
825 324 1092 379 objiciuntur,
1146 326 1333 385 priorem
1373 325 1509 370 escam
1544 326 1752 373 averlhtus
1788 332 1857 374 est.

359 386 611 446 Ubicunque
628 385 763 444 potest
780 386 980 444 graminis
996 385 1153 428 radioes
1170 386 1214 428 dc
1238 385 1464 428 lumbricos
1489 385 1650 430 suffosso
1668 388 1754 432 solo
1774 390 1856 432 col-

356 445 485 503 ligere
502 457 625 488 amat.
686 444 876 487 Gramen
894 445 1020 487 etiam
1037 443 1166 502 ipsum
1178 445 1362 504 gingivis
1381 445 1860 504 decerpentem&man-

356 502 581 547 ducantem
605 503 826 563 aliquoties
857 503 957 545 vidi.
1018 503 1155 546 Omni
1174 517 1314 546 tamen
1338 502 1458 546 solito
1480 505 1682 548 alimento
1705 522 1861 564 panem

356 562 560 619 praefert,
593 560 914 622 praebitumque
935 577 959 604 e
982 561 1174 604 manibus
1191 561 1447 605 familiz'iriter
1461 563 1620 621 accipit.

428 675 432 679 ὁ
473 621 531 664 Et
547 623 589 663 in
606 636 763 680 genere
781 621 952 679 quidem
976 622 1032 662 ita
1058 621 1167 662 <icm-
1184 636 1294 662 nunc
1320 620 1401 669 est,
1421 633 1466 663 ut
1488 624 1666 664 omnino
1692 626 1862 665 credam

359 680 579 740 parvulum
596 682 639 722 in
665 680 952 738 captivitatem
977 677 1200 721 devenisse.
1258 678 1388 721 Tunc
1409 680 1536 721 etiam
1568 696 1698 739 quum
1729 681 1862 724 adser-

359 752 472 783 retur
502 740 710 792 juniorem
733 735 869 786 fuisse,
907 753 965 780 ex
982 736 1132 796 insigni
1159 738 1286 779 totius
1304 739 1492 796 corporis
1507 753 1583 797 per
1602 740 1785 796 primum
1796 756 1863 783 an-

359 813 462 841 num
481 797 701 842 observato
718 800 979 839 incremento
998 797 1141 854 patuit.
1202 796 1336 838 Arma
1358 795 1426 839 seu
1442 796 1589 840 dentes
1602 797 1755 842 exserti
1771 811 1864 841 toto

361 857 433 899 illo
450 869 664 915 tempore,
699 871 785 915 quo
816 856 858 896 in
876 855 1048 897 Vivario
1067 855 1176 897 vixit
1205 855 1380 903 animal,
1420 854 1602 898 crescere
1633 873 1719 899 non
1737 855 1863 900 desie-

363 927 477 962 runt3
505 916 549 958 &a
567 913 796 973 superiores
812 914 1037 971 imprimis,
1070 928 1250 972 quorum
1273 915 1410 971 primo
1428 914 1505 956 vix
1524 913 1866 958 obtulillimiver·

365 975 467 1016 tices
486 971 802 1033 prominebant,
832 988 942 1014 nunc
960 971 1221 1029 bipollicarcs
1241 970 1328 1013 fere
1348 971 1593 1014 &humano
1605 975 1757 1031 pollice
1767 972 1865 1016 cras-

364 1031 490 1076 fiores
501 1030 729 1076 evaserunt.
740 1031 837 1073 Hos
854 1043 994 1073 autem
1008 1028 1058 1072 fic
1070 1030 1138 1072 vel
1156 1030 1255 1071 lima
1270 1041 1495 1078 truncatOS,
1512 1032 1579 1072 vel
1599 1033 1706 1074 forte
1717 1031 1768 1075 ab
1781 1033 1864 1074 ani-

367 1089 466 1133 mali
482 1091 535 1135 ad
554 1090 696 1133 stabuli
712 1090 890 1148 parietes
906 1089 1126 1147 praetritos
1139 1085 1251 1130 fuisse
1264 1101 1394 1145 put03
1423 1104 1553 1147 quum
1583 1090 1623 1131 in
1649 1088 1764 1148 supra
1782 1105 1867 1133 me—

369 1152 542 1193 moratis
552 1151 656 1204 Apri
673 1150 886 1202 aethiopici
903 1162 985 1188 ffim
1009 1148 1357 1189 emm-iiseosciem
1368 1148 1502 1189 multo
1515 1147 1741 1205 longiores,
1754 1147 1869 1191 subu-

368 1207 557 1268 latosque
575 1207 619 1250 ὄε
643 1219 788 1249 acutos
818 1204 1182 1263 deprehenderim.
1244 1204 1428 1248 Labium
1454 1221 1624 1264 quoque
1653 1207 1794 1249 dextri
1816 1207 1868 1249 la-

370 1267 488 1317 teris,
519 1282 599 1327 qua
615 1266 729 1308 denti
756 1262 1089 1317 circumjectum,
1124 1265 1167 1305 in
1192 1264 1295 1307 vivo
1320 1264 1499 1307 animale
1517 1265 1619 1306 olim
1643 1265 1869 1308 laceratum

370 1323 467 1375 fuit3
499 1340 607 1368 nunc
626 1336 766 1366 autem
783 1321 928 1365 sensim
949 1338 1159 1365 evanuere
1184 1337 1333 1365 crenae
1349 1336 1473 1382 atque
1489 1324 1712 1368 cicatrices,

487 1385 752 1442 Optaveram
778 1380 940 1440 semper
967 1394 1012 1424 ut
1037 1381 1378 1440 experimentum
1413 1394 1663 1431 tentaretur,
1709 1384 1870 1438 Aprum

375 1445 549 1499 nostrum
566 1441 859 1484 committendi
878 1456 974 1482 cum
990 1441 1143 1493 Scrofa,
1163 1444 1249 1492 ejus
1272 1441 1460 1482 maxime
1484 1439 1658 1482 staturae
1676 1456 1783 1499 quae
1812 1440 1870 1482 ob

374 1503 531 1563 pedum
556 1499 807 1543 brevitatem
831 1499 901 1541 tali
928 1499 1103 1557 copulae
1129 1500 1264 1556 aptior
1284 1495 1402 1546 esset,
1440 1498 1632 1558 adeoque
1667 1500 1871 1551 Chineisfi's

374 1562 443 1605 vel
460 1562 619 1602 Indicae
636 1556 773 1601 dictae
798 1559 1019 1600 varietatis.
1079 1556 1371 1615 Expol‘ueram
1387 1571 1555 1616 quoque
1577 1572 1666 1599 rem
1680 1558 1870 1599 Celeberr.

375 1621 584 1665 VELSEN
618 1618 840 1659 Archiatro
866 1618 1064 1672 Principis
1086 1618 1260 1657 Amaci
1284 1615 1512 1671 tiigiziffimo
1537 1626 1605 1657 cet.
1638 1614 1682 1658 (ἵε
1707 1615 1746 1658 Is
1773 1628 1872 1658 tunc

376 1694 454 1738 pro
470 1676 628 1720 summa
644 1676 729 1718 Sua
746 1676 787 1717 in
803 1690 874 1717 me
892 1675 1122 1720 voluntate,
1153 1674 1322 1716 veniam
1345 1672 1450 1716 mihi
1475 1689 1497 1715 a
1527 1673 1771 1716 ancum
1796 1674 1872 1715 im-

377 1748 614 1796 petraverat
630 1731 939 1776 curiosissimum
954 1733 1053 1776 illud
1072 1733 1435 1791 experimentum,
1474 1744 1519 1773 ut
1543 1732 1717 1779 vellem,
1755 1746 1872 1789 prae-

379 1794 562 1854 parandi.
597 1792 671 1835 Ast
685 1793 806 1834 variis
821 1792 1044 1849 impeditus
1062 1792 1245 1849 negotiis
1263 1805 1352 1832 rem
1364 1823 1375 1838 ‚
1389 1791 1579 1848 quamvis
1593 1787 1873 1853 gratissimam,

380 1854 516 1912 primo
528 1850 889 1908 distuleauloque
910 1849 1001 1907 post
1016 1849 1150 1892 reditu
1162 1850 1202 1891 in
1215 1849 1392 1906 patriam
1409 1845 1578 1890 coaetus
1590 1849 1644 1890 lui
1660 1846 1873 1906 propolito

383 1910 582 1954 desistere.
648 1909 793 1952 Audio
819 1923 929 1949 nunc
953 1910 1013 1949 bis
1035 1904 1193 1949 factum
1218 1904 1352 1954 fuisse,
1391 1907 1505 1965 quod
1531 1904 1876 1955 desideraveram,

380 1969 608 2027 periculum
622 1999 632 2016 ‚
659 1982 757 2009 cum
773 1966 913 2020 Scroflz
929 1980 1083 2023 nempe
1101 1965 1310 2007 varietatis
1329 1967 1485 2007 indicae
1496 1998 1505 2013 ,
1536 1964 1581 2006 <Sc
1596 1979 1691 2007 cum
1707 1966 1877 2021 vulgari

383 2026 626 2073 domei'tica3
650 2024 719 2067 secl
736 2022 1005 2067 infeliciffime
1026 2020 1185 2066 ceffisse.
1248 2024 1422 2065 Amicus
1446 2023 1599 2081 Hagae
1627 2023 1788 2081 degens
1814 2038 1873 2065 re-

385 2085 495 2131 tulit,
527 2084 707 2137 Scrofam
725 2085 920 2131 imiicmn,
938 2097 1043 2140 quae
1063 2082 1175 2140 prius
1191 2079 1361 2124 admissa
1377 2081 1529 2129 fuerat,
1544 2080 1762 2140 postquam
1771 2080 1875 2123 odo-

384 2158 476 2185 rem
493 2146 577 2194 ejus
597 2141 847 2199 aliquamdiu
866 2138 1060 2199 captaslet
1077 2141 1206 2195 Aper,
1235 2138 1288 2183 ab
1306 2156 1359 2182 eo
1390 2140 1559 2182 tandem
1590 2140 1633 2180 in
1658 2138 1876 2198 angustum

387 2201 529 2243 locum
551 2197 804 2257 compulsam
835 2214 920 2242 uno
948 2199 1138 2243 dentium
1153 2194 1240 2242 ictu
1265 2199 1323 2242 ita
1339 2199 1562 2242 laceratam
1578 2196 1714 2247 fuisse,
1748 2210 1792 2239 ut
1815 2198 1876 2239 in-

1734 2255 1878 2299 testina
