<?xml version="1.0" encoding="UTF-8"?>
<!DOCTYPE html PUBLIC "-//W3C//DTD XHTML 1.0 Transitional//EN"
    "http://www.w3.org/TR/xhtml1/DTD/xhtml1-transitional.dtd">
<html xmlns="http://www.w3.org/1999/xhtml" xml:lang="en" lang="en">
 <head>
  <title>
</title>
<meta http-equiv="Content-Type" content="text/html;charset=utf-8" />
  <meta name='ocr-system' content='tesseract 3.04.00' />
  <meta name='ocr-capabilities' content='ocr_page ocr_carea ocr_par ocr_line ocrx_word'/>
</head>
<body>
  <div class='ocr_page' id='page_1' title='image "./spicilegiazoolog110pall_0505.png"; bbox 0 0 1998 2701; ppageno 0'>
   <div class='ocr_carea' id='block_1_1' title="bbox 501 209 1319 267">
    <p class='ocr_par' dir='ltr' id='par_1_1' title="bbox 501 209 1319 267">
     <span class='ocr_line' id='line_1_1' title="bbox 501 209 1319 267; baseline 0 0"><span class='ocrx_word' id='word_1_1' title='bbox 501 209 685 267; x_wconf 60' lang='lat' dir='ltr'>Qess*</span> <span class='ocrx_word' id='word_1_2' title='bbox 803 211 1019 266; x_wconf 76' lang='lat'>(13)</span> <span class='ocrx_word' id='word_1_3' title='bbox 1135 209 1319 267; x_wconf 44' lang='grc' dir='ltr'>’ΜΨ</span> 
     </span>
    </p>
   </div>
   <div class='ocr_carea' id='block_1_2' title="bbox 150 306 1670 1715">
    <p class='ocr_par' dir='ltr' id='par_1_2' title="bbox 154 306 1668 656">
     <span class='ocr_line' id='line_1_2' title="bbox 273 306 1668 362; baseline 0.002 -12"><span class='ocrx_word' id='word_1_4' title='bbox 273 306 557 351; x_wconf 84' lang='lat' dir='ltr'>Extremitate</span> <span class='ocrx_word' id='word_1_5' title='bbox 607 307 812 349; x_wconf 72' lang='lat' dir='ltr'>anteriore</span> <span class='ocrx_word' id='word_1_6' title='bbox 859 306 1105 355; x_wconf 84' lang='lat' dir='ltr'>terminatur</span> <span class='ocrx_word' id='word_1_7' title='bbox 1156 307 1387 362; x_wconf 73' lang='lat' dir='ltr'>intestinulo</span> <span class='ocrx_word' id='word_1_8' title='bbox 1440 307 1668 355; x_wconf 84' lang='lat' dir='ltr'>adtenuato</span> 
     </span>
     <span class='ocr_line' id='line_1_3' title="bbox 158 363 1668 424; baseline 0.002 -16"><span class='ocrx_word' id='word_1_9' title='bbox 158 367 189 422; x_wconf 87' lang='lat'><em>(</em></span> <span class='ocrx_word' id='word_1_10' title='bbox 188 367 230 407; x_wconf 84' lang='lat' dir='ltr'><em>A</em></span> <span class='ocrx_word' id='word_1_11' title='bbox 236 366 292 408; x_wconf 85' lang='lat' dir='ltr'>-B</span> <span class='ocrx_word' id='word_1_12' title='bbox 283 367 312 420; x_wconf 84' lang='lat'><em>)</em></span> <span class='ocrx_word' id='word_1_13' title='bbox 326 397 336 415; x_wconf 94' lang='lat'><strong><em>‚</em></strong></span> <span class='ocrx_word' id='word_1_14' title='bbox 386 366 504 423; x_wconf 87' lang='lat' dir='ltr'>apice</span> <span class='ocrx_word' id='word_1_15' title='bbox 527 363 785 413; x_wconf 88' lang='lat' dir='ltr'>subclavato‚</span> <span class='ocrx_word' id='word_1_16' title='bbox 832 365 969 413; x_wconf 89' lang='lat' dir='ltr'>molli,</span> <span class='ocrx_word' id='word_1_17' title='bbox 1017 375 1141 408; x_wconf 87' lang='lat' dir='ltr'>extus</span> <span class='ocrx_word' id='word_1_18' title='bbox 1174 364 1398 408; x_wconf 85' lang='lat' dir='ltr'><strong>confertim</strong></span> <span class='ocrx_word' id='word_1_19' title='bbox 1432 366 1668 424; x_wconf 87' lang='lat' dir='ltr'>granuloso,</span> 
     </span>
     <span class='ocr_line' id='line_1_4' title="bbox 155 422 1666 482; baseline 0.002 -16"><span class='ocrx_word' id='word_1_20' title='bbox 155 425 465 482; x_wconf 84' lang='lat' dir='ltr'>terminatoque</span> <span class='ocrx_word' id='word_1_21' title='bbox 477 423 650 477; x_wconf 76' lang='lat' dir='ltr'>fimbria</span> <span class='ocrx_word' id='word_1_22' title='bbox 670 423 754 465; x_wconf 89' lang='lat' dir='ltr'>oris</span> <span class='ocrx_word' id='word_1_23' title='bbox 769 423 885 465; x_wconf 89' lang='lat' dir='ltr'>molli</span> <span class='ocrx_word' id='word_1_24' title='bbox 907 423 949 464; x_wconf 93' lang='lat' dir='ltr'>in</span> <span class='ocrx_word' id='word_1_25' title='bbox 965 423 1140 465; x_wconf 86' lang='lat' dir='ltr'>lineares</span> <span class='ocrx_word' id='word_1_26' title='bbox 1157 423 1324 467; x_wconf 82' lang='lat' dir='ltr'>lacinias</span> <span class='ocrx_word' id='word_1_27' title='bbox 1340 422 1527 478; x_wconf 69' lang='lat' dir='ltr'>dissecta,</span> <span class='ocrx_word' id='word_1_28' title='bbox 1552 430 1666 479; x_wconf 76' lang='lat' dir='ltr'>cujus</span> 
     </span>
     <span class='ocr_line' id='line_1_5' title="bbox 155 478 1666 540; baseline 0.003 -16"><span class='ocrx_word' id='word_1_29' title='bbox 155 479 260 525; x_wconf 85' lang='lat' dir='ltr'>bafis</span> <span class='ocrx_word' id='word_1_30' title='bbox 278 496 301 524; x_wconf 87' lang='lat' dir='ltr'>a</span> <span class='ocrx_word' id='word_1_31' title='bbox 325 480 541 540; x_wconf 80' lang='lat' dir='ltr'>granulosa</span> <span class='ocrx_word' id='word_1_32' title='bbox 556 481 713 539; x_wconf 88' lang='lat' dir='ltr'>reliqua</span> <span class='ocrx_word' id='word_1_33' title='bbox 731 493 847 538; x_wconf 87' lang='lat' dir='ltr'>parte</span> <span class='ocrx_word' id='word_1_34' title='bbox 863 478 1055 524; x_wconf 58' lang='lat' dir='ltr'>distinaa</span> <span class='ocrx_word' id='word_1_35' title='bbox 1069 480 1127 523; x_wconf 83' lang='lat' dir='ltr'>est</span> <span class='ocrx_word' id='word_1_36' title='bbox 1144 479 1190 523; x_wconf 71' lang='grc' dir='ltr'>ἀ</span> <span class='ocrx_word' id='word_1_37' title='bbox 1208 481 1337 525; x_wconf 89' lang='lat' dir='ltr'>laeuis</span> <span class='ocrx_word' id='word_1_38' title='bbox 1355 483 1474 539; x_wconf 62' lang='lat' dir='ltr'>(B.)</span> <span class='ocrx_word' id='word_1_39' title='bbox 1563 484 1666 529; x_wconf 86' lang='lat' dir='ltr'>Pars</span> 
     </span>
     <span class='ocr_line' id='line_1_6' title="bbox 154 537 1668 596; baseline 0.003 -14"><span class='ocrx_word' id='word_1_40' title='bbox 154 537 260 582; x_wconf 86' lang='lat' dir='ltr'>haec</span> <span class='ocrx_word' id='word_1_41' title='bbox 278 537 495 596; x_wconf 84' lang='lat' dir='ltr'>granulosa</span> <span class='ocrx_word' id='word_1_42' title='bbox 514 550 622 587; x_wconf 86' lang='lat' dir='ltr'>tota,</span> <span class='ocrx_word' id='word_1_43' title='bbox 654 539 697 580; x_wconf 91' lang='lat' dir='ltr'>ni</span> <span class='ocrx_word' id='word_1_44' title='bbox 715 538 854 588; x_wconf 83' lang='lat' dir='ltr'>fallor,</span> <span class='ocrx_word' id='word_1_45' title='bbox 881 537 933 583; x_wconf 89' lang='lat' dir='ltr'>ab</span> <span class='ocrx_word' id='word_1_46' title='bbox 952 537 1059 581; x_wconf 84' lang='lat' dir='ltr'>infra</span> <span class='ocrx_word' id='word_1_47' title='bbox 1073 537 1350 584; x_wconf 86' lang='lat' dir='ltr'>describendis</span> <span class='ocrx_word' id='word_1_48' title='bbox 1368 539 1581 591; x_wconf 78' lang='lat' dir='ltr'>musculis,</span> <span class='ocrx_word' id='word_1_49' title='bbox 1604 543 1668 586; x_wconf 86' lang='lat' dir='ltr'>in-</span> 
     </span>
     <span class='ocr_line' id='line_1_7' title="bbox 154 595 734 656; baseline 0.002 -17"><span class='ocrx_word' id='word_1_50' title='bbox 154 607 216 639; x_wconf 85' lang='lat' dir='ltr'>tra</span> <span class='ocrx_word' id='word_1_51' title='bbox 234 611 386 656; x_wconf 85' lang='lat' dir='ltr'>corpus</span> <span class='ocrx_word' id='word_1_52' title='bbox 410 595 566 639; x_wconf 87' lang='lat' dir='ltr'>retrahi</span> <span class='ocrx_word' id='word_1_53' title='bbox 587 596 734 654; x_wconf 87' lang='lat' dir='ltr'>potest.</span> 
     </span>
    </p>

    <p class='ocr_par' dir='ltr' id='par_1_3' title="bbox 152 653 1669 830">
     <span class='ocr_line' id='line_1_8' title="bbox 273 653 1669 713; baseline 0.005 -18"><span class='ocrx_word' id='word_1_54' title='bbox 273 655 470 709; x_wconf 80' lang='lat' dir='ltr'>Posterior</span> <span class='ocrx_word' id='word_1_55' title='bbox 486 656 733 698; x_wconf 82' lang='lat' dir='ltr'>extremitas</span> <span class='ocrx_word' id='word_1_56' title='bbox 750 653 1000 705; x_wconf 85' lang='lat' dir='ltr'>subclauata,</span> <span class='ocrx_word' id='word_1_57' title='bbox 1023 657 1190 713; x_wconf 79' lang='lat' dir='ltr'>glandis</span> <span class='ocrx_word' id='word_1_58' title='bbox 1212 656 1300 701; x_wconf 86' lang='lat' dir='ltr'>fere</span> <span class='ocrx_word' id='word_1_59' title='bbox 1317 656 1500 701; x_wconf 88' lang='lat' dir='ltr'>formam</span> <span class='ocrx_word' id='word_1_60' title='bbox 1522 655 1669 708; x_wconf 84' lang='lat' dir='ltr'>habet,</span> 
     </span>
     <span class='ocr_line' id='line_1_9' title="bbox 154 711 1668 771; baseline 0.004 -17"><span class='ocrx_word' id='word_1_61' title='bbox 154 711 200 755; x_wconf 71' lang='grc' dir='ltr'>ὰ</span> <span class='ocrx_word' id='word_1_62' title='bbox 224 713 266 754; x_wconf 90' lang='lat' dir='ltr'>in</span> <span class='ocrx_word' id='word_1_63' title='bbox 292 713 409 771; x_wconf 85' lang='lat' dir='ltr'>apice</span> <span class='ocrx_word' id='word_1_64' title='bbox 434 711 741 756; x_wconf 84' lang='lat' dir='ltr'>subacuminata</span> <span class='ocrx_word' id='word_1_65' title='bbox 759 714 836 762; x_wconf 89' lang='lat' dir='ltr'>est,</span> <span class='ocrx_word' id='word_1_66' title='bbox 865 729 1054 758; x_wconf 79' lang='lat' dir='ltr'>mucrone</span> <span class='ocrx_word' id='word_1_67' title='bbox 1073 714 1253 768; x_wconf 47' lang='lat' dir='ltr'>,carnoso</span> <span class='ocrx_word' id='word_1_68' title='bbox 1271 717 1443 767; x_wconf 87' lang='lat' dir='ltr'>conico,</span> <span class='ocrx_word' id='word_1_69' title='bbox 1478 714 1668 760; x_wconf 88' lang='lat' dir='ltr'>obsolete</span> 
     </span>
     <span class='ocr_line' id='line_1_10' title="bbox 152 768 931 830; baseline 0.003 -17"><span class='ocrx_word' id='word_1_70' title='bbox 152 768 413 830; x_wconf 74' lang='lat' dir='ltr'>heptae&#39;dro,</span> <span class='ocrx_word' id='word_1_71' title='bbox 443 772 560 828; x_wconf 82' lang='lat' dir='ltr'>apice</span> <span class='ocrx_word' id='word_1_72' title='bbox 577 769 806 830; x_wconf 82' lang='lat' dir='ltr'>bipapillari</span> <span class='ocrx_word' id='word_1_73' title='bbox 836 773 931 828; x_wconf 82' lang='lat' dir='ltr'>(e).</span> 
     </span>
    </p>

    <p class='ocr_par' dir='ltr' id='par_1_4' title="bbox 151 834 1670 1281">
     <span class='ocr_line' id='line_1_11' title="bbox 272 834 1669 896; baseline 0.004 -20"><span class='ocrx_word' id='word_1_74' title='bbox 272 834 423 889; x_wconf 76' lang='lat' dir='ltr'>Corpus</span> <span class='ocrx_word' id='word_1_75' title='bbox 437 836 545 877; x_wconf 90' lang='lat' dir='ltr'>inter</span> <span class='ocrx_word' id='word_1_76' title='bbox 559 848 722 893; x_wconf 83' lang='lat' dir='ltr'>partem</span> <span class='ocrx_word' id='word_1_77' title='bbox 738 834 1000 894; x_wconf 83' lang='lat' dir='ltr'>granulosam</span> <span class='ocrx_word' id='word_1_78' title='bbox 1015 834 1155 880; x_wconf 85' lang='lat' dir='ltr'>versus</span> <span class='ocrx_word' id='word_1_79' title='bbox 1171 853 1241 887; x_wconf 89' lang='lat' dir='ltr'>os,</span> <span class='ocrx_word' id='word_1_80' title='bbox 1276 836 1323 880; x_wconf 73' lang='grc' dir='ltr'>ὄε</span> <span class='ocrx_word' id='word_1_81' title='bbox 1339 837 1669 896; x_wconf 85' lang='lat' dir='ltr'>glandiformem</span> 
     </span>
     <span class='ocr_line' id='line_1_12' title="bbox 153 893 1670 955; baseline 0.001 -19"><span class='ocrx_word' id='word_1_82' title='bbox 153 893 469 936; x_wconf 81' lang='lat' dir='ltr'>extremitatem</span> <span class='ocrx_word' id='word_1_83' title='bbox 505 893 746 935; x_wconf 82' lang='lat' dir='ltr'>annulatum</span> <span class='ocrx_word' id='word_1_84' title='bbox 772 893 830 936; x_wconf 89' lang='lat' dir='ltr'>est</span> <span class='ocrx_word' id='word_1_85' title='bbox 859 894 986 936; x_wconf 83' lang='lat' dir='ltr'>Zonis</span> <span class='ocrx_word' id='word_1_86' title='bbox 1016 893 1252 947; x_wconf 86' lang='lat' dir='ltr'>latiusculis,</span> <span class='ocrx_word' id='word_1_87' title='bbox 1296 895 1514 939; x_wconf 85' lang='lat' dir='ltr'>antrorfim</span> <span class='ocrx_word' id='word_1_88' title='bbox 1541 896 1670 955; x_wconf 87' lang='lat' dir='ltr'>paulo</span> 
     </span>
     <span class='ocr_line' id='line_1_13' title="bbox 151 948 1660 1014; baseline 0.003 -21"><span class='ocrx_word' id='word_1_89' title='bbox 151 949 469 1007; x_wconf 81' lang='lat' dir='ltr'>angustioribus,</span> <span class='ocrx_word' id='word_1_90' title='bbox 499 948 609 992; x_wconf 88' lang='lat' dir='ltr'>sulco</span> <span class='ocrx_word' id='word_1_91' title='bbox 629 951 814 994; x_wconf 83' lang='lat' dir='ltr'>annulari</span> <span class='ocrx_word' id='word_1_92' title='bbox 837 951 1025 995; x_wconf 86' lang='lat' dir='ltr'>diremtis</span> <span class='ocrx_word' id='word_1_93' title='bbox 1044 953 1225 996; x_wconf 77' lang='lat' dir='ltr'>Centum.</span> <span class='ocrx_word' id='word_1_94' title='bbox 1285 955 1422 997; x_wconf 81' lang='lat' dir='ltr'>Striae</span> <span class='ocrx_word' id='word_1_95' title='bbox 1439 967 1660 1014; x_wconf 88' lang='lat' dir='ltr'>praeterea</span> 
     </span>
     <span class='ocr_line' id='line_1_14' title="bbox 152 1005 1666 1070; baseline 0.003 -21"><span class='ocrx_word' id='word_1_96' title='bbox 152 1005 236 1050; x_wconf 80' lang='lat' dir='ltr'>flue</span> <span class='ocrx_word' id='word_1_97' title='bbox 267 1006 363 1050; x_wconf 81' lang='lat' dir='ltr'>sulci</span> <span class='ocrx_word' id='word_1_98' title='bbox 391 1008 715 1066; x_wconf 80' lang='lat' dir='ltr'>longitudinales</span> <span class='ocrx_word' id='word_1_99' title='bbox 746 1009 890 1051; x_wconf 85' lang='lat' dir='ltr'>Zonas</span> <span class='ocrx_word' id='word_1_100' title='bbox 930 1008 1089 1058; x_wconf 87' lang='lat' dir='ltr'>secant,</span> <span class='ocrx_word' id='word_1_101' title='bbox 1133 1008 1403 1069; x_wconf 88' lang='lat' dir='ltr'>efficiuntque</span> <span class='ocrx_word' id='word_1_102' title='bbox 1440 1011 1552 1070; x_wconf 78' lang='lat' dir='ltr'>quasi</span> <span class='ocrx_word' id='word_1_103' title='bbox 1585 1011 1666 1055; x_wconf 86' lang='lat' dir='ltr'>cla-</span> 
     </span>
     <span class='ocr_line' id='line_1_15' title="bbox 151 1063 1667 1128; baseline 0.003 -20"><span class='ocrx_word' id='word_1_104' title='bbox 151 1063 314 1113; x_wconf 85' lang='lat' dir='ltr'>thrum‚</span> <span class='ocrx_word' id='word_1_105' title='bbox 346 1069 458 1118; x_wconf 85' lang='lat' dir='ltr'>cujus</span> <span class='ocrx_word' id='word_1_106' title='bbox 481 1066 696 1108; x_wconf 85' lang='lat' dir='ltr'>interualla</span> <span class='ocrx_word' id='word_1_107' title='bbox 720 1067 929 1124; x_wconf 83' lang='lat' dir='ltr'>turgidula</span> <span class='ocrx_word' id='word_1_108' title='bbox 947 1065 1015 1110; x_wconf 89' lang='lat' dir='ltr'>seu</span> <span class='ocrx_word' id='word_1_109' title='bbox 1033 1083 1238 1122; x_wconf 82' lang='lat' dir='ltr'>connexa.</span> <span class='ocrx_word' id='word_1_110' title='bbox 1301 1070 1430 1111; x_wconf 78' lang='lat' dir='ltr'>Glans</span> <span class='ocrx_word' id='word_1_111' title='bbox 1448 1068 1533 1128; x_wconf 86' lang='lat' dir='ltr'>ipsa</span> <span class='ocrx_word' id='word_1_112' title='bbox 1553 1079 1667 1113; x_wconf 84' lang='lat' dir='ltr'>caret</span> 
     </span>
     <span class='ocr_line' id='line_1_16' title="bbox 151 1122 1665 1184; baseline 0.003 -20"><span class='ocrx_word' id='word_1_113' title='bbox 151 1122 282 1164; x_wconf 85' lang='lat' dir='ltr'>Zonis</span> <span class='ocrx_word' id='word_1_114' title='bbox 302 1122 566 1164; x_wconf 85' lang='lat' dir='ltr'>annularibus</span> <span class='ocrx_word' id='word_1_115' title='bbox 592 1134 772 1164; x_wconf 87' lang='lat' dir='ltr'>externe</span> <span class='ocrx_word' id='word_1_116' title='bbox 801 1122 1024 1170; x_wconf 55' lang='lat' dir='ltr'>distinctis,</span> <span class='ocrx_word' id='word_1_117' title='bbox 1054 1123 1171 1165; x_wconf 85' lang='lat' dir='ltr'>sulcis</span> <span class='ocrx_word' id='word_1_118' title='bbox 1204 1136 1365 1166; x_wconf 87' lang='lat' dir='ltr'>tantum</span> <span class='ocrx_word' id='word_1_119' title='bbox 1383 1127 1665 1184; x_wconf 82' lang='lat' dir='ltr'>longitudina·</span> 
     </span>
     <span class='ocr_line' id='line_1_17' title="bbox 151 1178 1665 1242; baseline 0.003 -20"><span class='ocrx_word' id='word_1_120' title='bbox 151 1179 259 1223; x_wconf 91' lang='lat' dir='ltr'>libus</span> <span class='ocrx_word' id='word_1_121' title='bbox 278 1191 408 1224; x_wconf 83' lang='lat' dir='ltr'>arata,</span> <span class='ocrx_word' id='word_1_122' title='bbox 437 1178 661 1222; x_wconf 89' lang='lat' dir='ltr'>obsoletius</span> <span class='ocrx_word' id='word_1_123' title='bbox 676 1194 803 1239; x_wconf 88' lang='lat' dir='ltr'>quam</span> <span class='ocrx_word' id='word_1_124' title='bbox 820 1195 991 1238; x_wconf 85' lang='lat' dir='ltr'>corpus;</span> <span class='ocrx_word' id='word_1_125' title='bbox 1026 1182 1280 1222; x_wconf 85' lang='lat' dir='ltr'>translucent</span> <span class='ocrx_word' id='word_1_126' title='bbox 1308 1194 1452 1223; x_wconf 85' lang='lat' dir='ltr'>tamen</span> <span class='ocrx_word' id='word_1_127' title='bbox 1478 1198 1554 1239; x_wconf 89' lang='lat' dir='ltr'>per</span> <span class='ocrx_word' id='word_1_128' title='bbox 1577 1184 1665 1242; x_wconf 84' lang='lat' dir='ltr'>epi-</span> 
     </span>
     <span class='ocr_line' id='line_1_18' title="bbox 153 1237 692 1281; baseline -0.006 0"><span class='ocrx_word' id='word_1_129' title='bbox 153 1237 389 1281; x_wconf 87' lang='lat' dir='ltr'>dermidem</span> <span class='ocrx_word' id='word_1_130' title='bbox 407 1237 552 1279; x_wconf 86' lang='lat' dir='ltr'>Zonae</span> <span class='ocrx_word' id='word_1_131' title='bbox 574 1237 692 1280; x_wconf 90' lang='lat' dir='ltr'>cutis.</span> 
     </span>
    </p>

    <p class='ocr_par' dir='ltr' id='par_1_5' title="bbox 150 1301 1667 1535">
     <span class='ocr_line' id='line_1_19' title="bbox 270 1301 1667 1361; baseline 0.001 -13"><span class='ocrx_word' id='word_1_132' title='bbox 270 1303 575 1361; x_wconf 84' lang='lat' dir='ltr'>Semipollicari</span> <span class='ocrx_word' id='word_1_133' title='bbox 597 1302 687 1345; x_wconf 89' lang='lat' dir='ltr'>fere</span> <span class='ocrx_word' id='word_1_134' title='bbox 721 1317 744 1345; x_wconf 87' lang='lat' dir='ltr'>a</span> <span class='ocrx_word' id='word_1_135' title='bbox 770 1314 888 1360; x_wconf 85' lang='lat' dir='ltr'>parte</span> <span class='ocrx_word' id='word_1_136' title='bbox 913 1301 1131 1361; x_wconf 87' lang='lat' dir='ltr'>granulosa</span> <span class='ocrx_word' id='word_1_137' title='bbox 1153 1303 1375 1347; x_wconf 83' lang='lat' dir='ltr'>intervallo</span> <span class='ocrx_word' id='word_1_138' title='bbox 1398 1303 1539 1349; x_wconf 87' lang='lat' dir='ltr'>versus</span> <span class='ocrx_word' id='word_1_139' title='bbox 1562 1322 1667 1350; x_wconf 90' lang='lat' dir='ltr'>ven-</span> 
     </span>
     <span class='ocr_line' id='line_1_20' title="bbox 151 1360 1664 1416; baseline 0.001 -10"><span class='ocrx_word' id='word_1_140' title='bbox 151 1363 254 1406; x_wconf 85' lang='lat' dir='ltr'>trale</span> <span class='ocrx_word' id='word_1_141' title='bbox 271 1364 375 1405; x_wconf 84' lang='lat' dir='ltr'>latus</span> <span class='ocrx_word' id='word_1_142' title='bbox 394 1360 506 1403; x_wconf 81' lang='lat' dir='ltr'>adest</span> <span class='ocrx_word' id='word_1_143' title='bbox 525 1362 633 1402; x_wconf 87' lang='lat' dir='ltr'>utrin</span> <span class='ocrx_word' id='word_1_144' title='bbox 666 1375 719 1403; x_wconf 90' lang='lat' dir='ltr'>ue</span> <span class='ocrx_word' id='word_1_145' title='bbox 729 1371 857 1416; x_wconf 78' lang='lat' dir='ltr'>porus</span> <span class='ocrx_word' id='word_1_146' title='bbox 871 1361 1126 1404; x_wconf 82' lang='lat' dir='ltr'>transversus</span> <span class='ocrx_word' id='word_1_147' title='bbox 1138 1395 1148 1410; x_wconf 95' lang='lat'>‚</span> <span class='ocrx_word' id='word_1_148' title='bbox 1181 1364 1289 1404; x_wconf 89' lang='lat' dir='ltr'>inter</span> <span class='ocrx_word' id='word_1_149' title='bbox 1305 1363 1405 1405; x_wconf 82' lang='lat' dir='ltr'>duas</span> <span class='ocrx_word' id='word_1_150' title='bbox 1425 1364 1566 1407; x_wconf 86' lang='lat' dir='ltr'>Zonas</span> <span class='ocrx_word' id='word_1_151' title='bbox 1584 1366 1664 1408; x_wconf 85' lang='lat' dir='ltr'>vix</span> 
     </span>
     <span class='ocr_line' id='line_1_21' title="bbox 151 1415 1666 1478; baseline 0.002 -15"><span class='ocrx_word' id='word_1_152' title='bbox 151 1420 415 1478; x_wconf 54' lang='lat' dir='ltr'>conspicuum</span> <span class='ocrx_word' id='word_1_153' title='bbox 441 1432 607 1477; x_wconf 80' lang='lat' dir='ltr'>unaque</span> <span class='ocrx_word' id='word_1_154' title='bbox 662 1433 744 1460; x_wconf 91' lang='lat' dir='ltr'>ona</span> <span class='ocrx_word' id='word_1_155' title='bbox 761 1415 978 1470; x_wconf 58' lang='lat' dir='ltr'>interjecta</span> <span class='ocrx_word' id='word_1_156' title='bbox 1003 1420 1046 1460; x_wconf 91' lang='lat' dir='ltr'>in</span> <span class='ocrx_word' id='word_1_157' title='bbox 1061 1420 1189 1461; x_wconf 85' lang='lat' dir='ltr'>latere</span> <span class='ocrx_word' id='word_1_158' title='bbox 1206 1419 1351 1462; x_wconf 84' lang='lat' dir='ltr'>dorsali</span> <span class='ocrx_word' id='word_1_159' title='bbox 1378 1423 1521 1464; x_wconf 86' lang='lat' dir='ltr'>medio</span> <span class='ocrx_word' id='word_1_160' title='bbox 1546 1437 1666 1473; x_wconf 77' lang='lat' dir='ltr'>anus,</span> 
     </span>
     <span class='ocr_line' id='line_1_22' title="bbox 150 1474 1529 1535; baseline 0 -13"><span class='ocrx_word' id='word_1_161' title='bbox 150 1475 414 1522; x_wconf 72' lang='lat' dir='ltr'>transuersum</span> <span class='ocrx_word' id='word_1_162' title='bbox 432 1474 671 1524; x_wconf 81' lang='lat' dir='ltr'>bilabiatus‚</span> <span class='ocrx_word' id='word_1_163' title='bbox 699 1476 779 1519; x_wconf 86' lang='lat' dir='ltr'>vix</span> <span class='ocrx_word' id='word_1_164' title='bbox 795 1474 1057 1533; x_wconf 84' lang='lat' dir='ltr'>conspicuus,</span> <span class='ocrx_word' id='word_1_165' title='bbox 1088 1476 1162 1519; x_wconf 86' lang='lat' dir='ltr'>nifi</span> <span class='ocrx_word' id='word_1_166' title='bbox 1179 1477 1271 1535; x_wconf 89' lang='lat' dir='ltr'>post</span> <span class='ocrx_word' id='word_1_167' title='bbox 1289 1490 1529 1522; x_wconf 87' lang='lat' dir='ltr'>anatomen.</span> 
     </span>
    </p>

    <p class='ocr_par' dir='ltr' id='par_1_6' title="bbox 151 1539 1664 1715">
     <span class='ocr_line' id='line_1_23' title="bbox 268 1539 1663 1600; baseline 0.002 -16"><span class='ocrx_word' id='word_1_168' title='bbox 268 1542 436 1584; x_wconf 87' lang='lat' dir='ltr'>Totum</span> <span class='ocrx_word' id='word_1_169' title='bbox 453 1539 605 1582; x_wconf 86' lang='lat' dir='ltr'>animal</span> <span class='ocrx_word' id='word_1_170' title='bbox 623 1539 774 1580; x_wconf 87' lang='lat' dir='ltr'>coloris</span> <span class='ocrx_word' id='word_1_171' title='bbox 792 1539 849 1581; x_wconf 87' lang='lat' dir='ltr'>est</span> <span class='ocrx_word' id='word_1_172' title='bbox 868 1539 1352 1590; x_wconf 88' lang='lat' dir='ltr'>cinereo-fuscescentis‚</span> <span class='ocrx_word' id='word_1_173' title='bbox 1383 1557 1512 1600; x_wconf 90' lang='lat' dir='ltr'>quem</span> <span class='ocrx_word' id='word_1_174' title='bbox 1529 1543 1663 1588; x_wconf 85' lang='lat' dir='ltr'>Lum-</span> 
     </span>
     <span class='ocr_line' id='line_1_24' title="bbox 151 1594 1664 1659; baseline 0.003 -18"><span class='ocrx_word' id='word_1_175' title='bbox 151 1597 253 1645; x_wconf 89' lang='lat' dir='ltr'>brici</span> <span class='ocrx_word' id='word_1_176' title='bbox 274 1608 444 1659; x_wconf 80' lang='lat' dir='ltr'>quoque</span> <span class='ocrx_word' id='word_1_177' title='bbox 460 1597 668 1640; x_wconf 86' lang='lat' dir='ltr'>terrestres</span> <span class='ocrx_word' id='word_1_178' title='bbox 694 1595 857 1654; x_wconf 87' lang='lat' dir='ltr'>liquore</span> <span class='ocrx_word' id='word_1_179' title='bbox 886 1597 955 1639; x_wconf 89' lang='lat' dir='ltr'>diu</span> <span class='ocrx_word' id='word_1_180' title='bbox 980 1594 1167 1640; x_wconf 83' lang='lat' dir='ltr'>asservati</span> <span class='ocrx_word' id='word_1_181' title='bbox 1184 1599 1372 1642; x_wconf 88' lang='lat' dir='ltr'>induunt.</span> <span class='ocrx_word' id='word_1_182' title='bbox 1433 1601 1664 1655; x_wconf 76' lang='lat' dir='ltr'>Epidermis</span> 
     </span>
     <span class='ocr_line' id='line_1_25' title="bbox 152 1654 1663 1715; baseline 0.004 -16"><span class='ocrx_word' id='word_1_183' title='bbox 152 1658 290 1699; x_wconf 83' lang='lat' dir='ltr'>laxior</span> <span class='ocrx_word' id='word_1_184' title='bbox 311 1655 495 1698; x_wconf 83' lang='lat' dir='ltr'>albidum</span> <span class='ocrx_word' id='word_1_185' title='bbox 513 1656 670 1698; x_wconf 85' lang='lat' dir='ltr'>inducit</span> <span class='ocrx_word' id='word_1_186' title='bbox 698 1654 908 1704; x_wconf 88' lang='lat' dir='ltr'>colorem,</span> <span class='ocrx_word' id='word_1_187' title='bbox 939 1667 1065 1715; x_wconf 85' lang='lat' dir='ltr'>atque</span> <span class='ocrx_word' id='word_1_188' title='bbox 1086 1656 1201 1700; x_wconf 86' lang='lat' dir='ltr'>iridis</span> <span class='ocrx_word' id='word_1_189' title='bbox 1225 1655 1436 1703; x_wconf 81' lang='lat' dir='ltr'>coloribus</span> <span class='ocrx_word' id='word_1_190' title='bbox 1461 1659 1587 1712; x_wconf 85' lang='lat' dir='ltr'>ludit,</span> <span class='ocrx_word' id='word_1_191' title='bbox 1615 1671 1663 1705; x_wconf 83' lang='lat' dir='ltr'>ut</span> 
     </span>
    </p>
   </div>
   <div class='ocr_carea' id='block_1_3' title="bbox 151 1711 819 1772">
    <p class='ocr_par' dir='ltr' id='par_1_7' title="bbox 151 1711 819 1772">
     <span class='ocr_line' id='line_1_26' title="bbox 151 1711 819 1772; baseline -0.007 -13"><span class='ocrx_word' id='word_1_192' title='bbox 151 1715 195 1759; x_wconf 89' lang='lat' dir='ltr'>in</span> <span class='ocrx_word' id='word_1_193' title='bbox 210 1713 469 1760; x_wconf 80' lang='lat' dir='ltr'>Nereidibus</span> <span class='ocrx_word' id='word_1_194' title='bbox 492 1712 538 1757; x_wconf 69' lang='grc' dir='ltr'>δε</span> <span class='ocrx_word' id='word_1_195' title='bbox 559 1711 819 1772; x_wconf 76' lang='lat' dir='ltr'>Aphroditis.</span> 
     </span>
    </p>
   </div>
   <div class='ocr_carea' id='block_1_4' title="bbox 150 1819 1662 2169">
    <p class='ocr_par' dir='ltr' id='par_1_8' title="bbox 150 1819 1662 2169">
     <span class='ocr_line' id='line_1_27' title="bbox 621 1819 1184 1875; baseline 0.002 -1"><span class='ocrx_word' id='word_1_196' title='bbox 621 1821 666 1874; x_wconf 82' lang='lat' dir='ltr'>A</span> <span class='ocrx_word' id='word_1_197' title='bbox 702 1820 752 1873; x_wconf 90' lang='lat' dir='ltr'>N</span> <span class='ocrx_word' id='word_1_198' title='bbox 791 1820 833 1872; x_wconf 84' lang='lat' dir='ltr'><strong>A</strong></span> <span class='ocrx_word' id='word_1_199' title='bbox 870 1820 918 1873; x_wconf 89' lang='grc' dir='ltr'><strong>Τ</strong></span> <span class='ocrx_word' id='word_1_200' title='bbox 953 1819 1004 1873; x_wconf 91' lang='lat' dir='ltr'>O</span> <span class='ocrx_word' id='word_1_201' title='bbox 1038 1820 1092 1875; x_wconf 90' lang='lat' dir='ltr'>M</span> <span class='ocrx_word' id='word_1_202' title='bbox 1128 1820 1184 1875; x_wconf 67' lang='lat' dir='ltr'>Eo</span> 
     </span>
     <span class='ocr_line' id='line_1_28' title="bbox 795 1905 1017 1963; baseline 0.009 -16"><span class='ocrx_word' id='word_1_203' title='bbox 795 1905 885 1963; x_wconf 75' lang='lat' dir='ltr'>Fig.</span> <span class='ocrx_word' id='word_1_204' title='bbox 920 1918 956 1954; x_wconf 86' lang='lat'>8·</span> <span class='ocrx_word' id='word_1_205' title='bbox 989 1908 1017 1934; x_wconf 45' lang='grc' dir='ltr'>ἥ</span> 
     </span>
     <span class='ocr_line' id='line_1_29' title="bbox 267 1987 1662 2049; baseline 0.002 -14"><span class='ocrx_word' id='word_1_206' title='bbox 267 1991 498 2049; x_wconf 78' lang='lat' dir='ltr'>Epidermis</span> <span class='ocrx_word' id='word_1_207' title='bbox 518 2000 655 2035; x_wconf 81' lang='lat' dir='ltr'>totum</span> <span class='ocrx_word' id='word_1_208' title='bbox 673 2001 867 2036; x_wconf 85' lang='lat' dir='ltr'>vermem</span> <span class='ocrx_word' id='word_1_209' title='bbox 891 1987 1011 2035; x_wconf 83' lang='lat' dir='ltr'>vestit</span> <span class='ocrx_word' id='word_1_210' title='bbox 1040 1991 1198 2044; x_wconf 82' lang='lat' dir='ltr'>laxior,</span> <span class='ocrx_word' id='word_1_211' title='bbox 1230 1987 1426 2038; x_wconf 82' lang='lat' dir='ltr'>facillime</span> <span class='ocrx_word' id='word_1_212' title='bbox 1447 1989 1662 2042; x_wconf 84' lang='lat' dir='ltr'>secedens,</span> 
     </span>
     <span class='ocr_line' id='line_1_30' title="bbox 151 2047 1660 2111; baseline 0.001 -18"><span class='ocrx_word' id='word_1_213' title='bbox 151 2047 308 2100; x_wconf 76' lang='lat' dir='ltr'>albida,</span> <span class='ocrx_word' id='word_1_214' title='bbox 341 2053 456 2093; x_wconf 85' lang='lat' dir='ltr'>omni</span> <span class='ocrx_word' id='word_1_215' title='bbox 489 2050 672 2093; x_wconf 79' lang='lat' dir='ltr'>humana</span> <span class='ocrx_word' id='word_1_216' title='bbox 697 2050 958 2108; x_wconf 86' lang='lat' dir='ltr'>epidermide</span> <span class='ocrx_word' id='word_1_217' title='bbox 985 2052 1194 2099; x_wconf 82' lang='lat' dir='ltr'>tenacior,</span> <span class='ocrx_word' id='word_1_218' title='bbox 1224 2053 1414 2111; x_wconf 77' lang='lat' dir='ltr'>quamuis</span> <span class='ocrx_word' id='word_1_219' title='bbox 1440 2050 1660 2106; x_wconf 77' lang='lat' dir='ltr'>consisten-</span> 
     </span>
     <span class='ocr_line' id='line_1_31' title="bbox 150 2107 1660 2169; baseline 0.001 -18"><span class='ocrx_word' id='word_1_220' title='bbox 150 2110 206 2151; x_wconf 73' lang='lat' dir='ltr'>tia</span> <span class='ocrx_word' id='word_1_221' title='bbox 235 2110 278 2151; x_wconf 61' lang='lat' dir='ltr'>oc</span> <span class='ocrx_word' id='word_1_222' title='bbox 302 2112 502 2152; x_wconf 79' lang='lat' dir='ltr'>tenuitate</span> <span class='ocrx_word' id='word_1_223' title='bbox 527 2110 646 2166; x_wconf 83' lang='lat' dir='ltr'>pomi</span> <span class='ocrx_word' id='word_1_224' title='bbox 667 2107 778 2152; x_wconf 69' lang='lat' dir='ltr'>cocti</span> <span class='ocrx_word' id='word_1_225' title='bbox 802 2107 1022 2151; x_wconf 79' lang='lat' dir='ltr'>cuticulam</span> <span class='ocrx_word' id='word_1_226' title='bbox 1046 2108 1212 2152; x_wconf 68' lang='lat' dir='ltr'>referat⁶</span> <span class='ocrx_word' id='word_1_227' title='bbox 1280 2110 1521 2169; x_wconf 65' lang='lat' dir='ltr'>(intelligas</span> <span class='ocrx_word' id='word_1_228' title='bbox 1546 2109 1660 2160; x_wconf 86' lang='lat' dir='ltr'>hinc,</span> 
     </span>
    </p>
   </div>
   <div class='ocr_carea' id='block_1_5' title="bbox 151 2165 1658 2282">
    <p class='ocr_par' dir='ltr' id='par_1_9' title="bbox 151 2165 1658 2282">
     <span class='ocr_line' id='line_1_32' title="bbox 151 2165 1658 2272; baseline 0.001 -63"><span class='ocrx_word' id='word_1_229' title='bbox 151 2168 256 2226; x_wconf 53' lang='lat' dir='ltr'>quid*</span> <span class='ocrx_word' id='word_1_230' title='bbox 276 2167 353 2212; x_wconf 79' lang='lat' dir='ltr'>fibi</span> <span class='ocrx_word' id='word_1_231' title='bbox 375 2168 476 2214; x_wconf 85' lang='lat' dir='ltr'>velit</span> <span class='ocrx_word' id='word_1_232' title='bbox 500 2178 639 2212; x_wconf 77' lang='lat' dir='ltr'>tumea</span> <span class='ocrx_word' id='word_1_233' title='bbox 663 2168 781 2218; x_wconf 74' lang='lat' dir='ltr'>laxa,</span> <span class='ocrx_word' id='word_1_234' title='bbox 816 2181 901 2270; x_wconf 52' lang='lat' dir='ltr'>qul}</span> <span class='ocrx_word' id='word_1_235' title='bbox 931 2166 1142 2212; x_wconf 70' lang='lat' dir='ltr'>LmNAEus</span> <span class='ocrx_word' id='word_1_236' title='bbox 1167 2165 1425 2225; x_wconf 77' lang='lat' dir='ltr'>fipunculum</span> <span class='ocrx_word' id='word_1_237' title='bbox 1453 2170 1658 2272; x_wconf 22' lang='lat' dir='ltr'>factitatum</span> 
     </span>
     <span class='ocr_line' id='line_1_33' title="bbox 934 2240 1655 2282; baseline -0.006 0"><span class='ocrx_word' id='word_1_238' title='bbox 934 2242 956 2282; x_wconf 76' lang='lat'><strong>3</strong></span> <span class='ocrx_word' id='word_1_239' title='bbox 1540 2240 1655 2278; x_wconf 78' lang='lat' dir='ltr'>uum,</span> 
     </span>
    </p>
   </div>
  </div>
 </body>
</html>
