1998 2701
554 221 716 278 ’2272AE
833 222 1018 279 (5)
1136 221 1297 278 Ἐἢπέἔ

176 333 284 377 circa
310 334 458 375 citatos
483 327 703 374 auftorum
736 330 855 373 locos
879 328 1053 374 dubium
1081 344 1153 373 me
1174 328 1351 373 reddere
1371 344 1442 381 ea,
1476 346 1585 392 quae
1615 333 1671 376 Ill.

172 393 481 437 BuFFoNius
512 391 608 441 (loc.
633 393 719 444 cit.)
746 389 1076 432 communicavit
1105 389 1159 431 de
1198 388 1380 431 maxillis
1405 389 1449 432 ἀ
1474 390 1670 434 dentibus

171 453 279 506 Apri
299 451 576 492 Promontorit'
603 450 772 496 viridis,
813 448 885 506 qui
915 448 1039 489 armis
1074 446 1247 490 exsertis
1273 462 1390 490 novo
1412 447 1510 492 huic
1528 449 1670 493 nostro

171 509 347 552 minime
364 507 496 555 cedit,
521 506 565 549 (Sc
583 518 724 548 tamen
742 504 798 548 ob
818 506 1007 549 dentium
1016 506 1248 563 primorum
1264 504 1538 564 praesentiam
1554 509 1671 553 idem

171 565 252 610 esse
270 568 436 633 nequit,
467 566 660 624 quamvis
679 564 809 607 multa
827 562 1034 607 suadeant.

285 625 474 668 Primum
494 619 714 665 rariffimae
734 622 779 665 ἃ
804 621 1055 666 monstrosae
1072 621 1191 677 hujus
1214 620 1367 667 bestiae
1393 622 1601 682 specimen
1625 627 1669 670 in

167 681 385 741 Europam
409 682 594 724 delatum
621 680 679 724 est
701 681 818 724 Anni
843 688 958 736 1765.
977 681 1140 731 aestate.
1223 684 1507 725 Promontorm
1532 685 1670 728 Bonae

166 742 258 797 Spei
287 744 329 783 in
356 756 466 784 nave
492 740 741 782 mercatoria
762 739 934 797 Belgica
963 742 1042 795 (de
1060 740 1278 795 qulbrirts)
1304 738 1465 782 missum
1498 742 1668 786 Vtvarz‘o

166 799 422 842 SssRtNiss.
455 799 721 840 PRmems
751 797 995 845 Ammoi,
1057 812 1160 854 rope
1187 798 1668 853 Voorhmgmnhaudita

164 857 294 914 longe
315 855 366 899 ab
385 857 729 911 Htrgtz-comitrtm
750 852 847 903 sito,
873 813 1169 903 destinabatur,
1203 854 1344 915 ibique
1362 857 1591 901 etiamnum
1608 858 1668 902 su-

163 915 318 972 perstes
337 913 394 956 est
407 946 417 961 ,
450 914 495 955 ὄε
511 928 597 954 non
621 910 706 955 fine
721 912 1000 955 admiratione
1022 911 1295 971 spectantium
1309 912 1472 972 publice
1490 915 1666 961 exhibe-

161 985 238 1014 tur.
299 972 488 1019 Litterae
512 968 704 1014 Nobiliss.
736 971 883 1015 RoeH.
924 970 1180 1013 TULBAGH
1219 970 1334 1014 simul
1359 972 1520 1016 adlatae
1549 976 1666 1018 raris-

160 1029 330 1079 fimum,
362 1032 490 1072 etiam
506 1030 548 1071 in
570 1028 694 1071 natali
713 1029 831 1078 loco,
859 1026 940 1072 esse
960 1030 1111 1071 animal
1137 1028 1439 1088 perhibebant,
1465 1033 1666 1094 quodque

160 1088 351 1131 ducentis
368 1087 456 1131 fere
474 1088 600 1131 leucis
619 1103 641 1129 a
661 1087 963 1130 promontorio
975 1089 1083 1131 inter
1101 1087 1341 1131 Cafl‘rorum
1357 1088 1402 1131 <Se
1419 1089 1665 1151 Namaquo-

158 1162 253 1188 rum
269 1144 394 1196 fines,
427 1147 498 1189 ubi
514 1144 618 1188 haec
639 1144 795 1204 species
822 1147 1011 1189 maxime
1045 1148 1293 1204 reperiatur,
1312 1160 1501 1205 captum,
1531 1165 1663 1194 nemo

157 1203 216 1248 ibi
232 1205 314 1247 loci
330 1220 516 1264 unquam
533 1205 679 1246 vivum
698 1203 828 1247 visum
847 1203 962 1246 fuisse
979 1205 1274 1248 recordaretur.
1331 1207 1419 1249 Diu
1438 1219 1534 1250 ante
1559 1212 1662 1262 ejus-

158 1263 258 1305 dem
288 1264 476 1305 animalis
505 1262 625 1321 pellis
648 1262 760 1305 calce
783 1276 945 1320 parata,
985 1279 1079 1305 cum
1108 1265 1250 1307 multis
1279 1264 1368 1307 aliis
1391 1265 1445 1307 ad
1475 1267 1663 1323 Mrffemn

155 1321 415 1364 PRlNCu’JS
448 1323 673 1364 AURIACI
702 1321 858 1364 eodem
870 1318 985 1364 missa
1000 1322 1155 1369 fuerat3
1180 1326 1292 1376 cujus
1309 1338 1416 1382 quae
1435 1322 1516 1366 sola
1528 1325 1660 1370 serva-

155 1392 273 1422 verat
287 1380 441 1435 Clazsqff
457 1380 560 1424 Vos
572 1394 722 1428 MAER,
751 1381 821 1438 qui
832 1378 980 1423 Museo
998 1380 1170 1438 praeest,
1190 1394 1314 1438 caput
1331 1381 1375 1424 ἅτ
1387 1382 1518 1439 pedes
1527 1400 1657 1442 quum

153 1439 325 1481 ineunte
343 1439 601 1491 Annoi766.
621 1437 711 1480 casu
731 1439 773 1480 in
792 1453 940 1481 manus
956 1454 1073 1481 meas
1093 1438 1343 1489 incidissent,
1372 1440 1483 1483 illico
1500 1445 1660 1501 agnovi

153 1495 198 1538 (Sc
216 1499 323 1551 Apri
339 1499 552 1552 aethiopici
569 1496 762 1555 reliquias
786 1494 866 1539 esse
889 1497 1027 1539 docui.
1089 1498 1316 1557 Supererat
1339 1499 1507 1542 adnexa
1531 1503 1656 1558 capiti

152 1553 357 1603 chartula,
384 1570 480 1596 cum
512 1554 708 1612 inscripto
739 1557 915 1598 nomine
956 1554 1133 1614 Belgico
1182 1558 1491 1613 (Har-dlooper)
1539 1560 1656 1617 quod

151 1613 266 1667 curfit
300 1620 470 1654 velocem
503 1612 527 1654 s.
560 1616 791 1654 drmnonem
826 1611 1047 1671 significat:
1098 1614 1211 1657 unde
1238 1628 1337 1657 tunc
1365 1615 1545 1657 conciufi
1565 1633 1654 1661 non

150 1673 205 1711 ita
222 1668 431 1711 insolitum
455 1668 535 1712 esse
552 1669 632 1712 istis
649 1671 690 1711 in
710 1671 953 1729 regionibus
974 1672 1146 1719 animal,
1179 1674 1334 1731 quippe
1350 1674 1414 1714 cui
1431 1674 1541 1730 apud
1551 1674 1653 1718 Pro-

148 1729 349 1769 montorii
365 1728 525 1769 accolas
539 1740 755 1786 receptum
771 1729 992 1771 videbatur
1004 1728 1083 1771 esse
1095 1745 1273 1778 nomem
1300 1730 1415 1789 quod
1428 1742 1568 1775 tamen
1587 1748 1650 1777 re-

147 1786 344 1828 centioris
364 1787 538 1842 originis
552 1784 631 1828 esse
648 1785 747 1828 inde
766 1800 900 1843 patet,
928 1788 1042 1846 quod
1063 1787 1173 1830 nulla
1192 1789 1380 1841 ejusdem
1394 1790 1507 1846 apud
1523 1789 1651 1834 Kot-

146 1859 189 1885 131
201 1860 222 1884 u
235 1860 266 1886 M
289 1844 463 1901 vestigia
479 1856 719 1892 occurrant,
751 1847 943 1903 quamvis
961 1846 1030 1888 ille
1057 1847 1186 1900 Apros
1203 1847 1409 1901 effriccmos
1426 1861 1449 1888 a
1465 1848 1649 1893 nostrati-

145 1900 223 1945 bus
238 1903 356 1957 plmze
372 1903 549 1953 diversos
567 1903 610 1954 ἦί)
632 1902 676 1944 <Kc
693 1903 878 1946 min-ores
903 1905 944 1946 in
967 1901 1139 1961 sylvosis
1163 1902 1512 1964 interioribusque
1538 1907 1648 1951 Afri-

145 1975 218 2002 cae
236 1957 434 2003 tractibus
455 1958 665 2003 abundare
687 1960 882 2020 scripserit
902 1966 918 2014 (
930 1963 1175 2017 Capenfvol.
1193 1963 1223 2005 I.
1237 1966 1330 2006 edit.
1337 1978 1466 2020 germ.
1473 1975 1515 2021 p.
1531 1968 1647 2023 165.)

144 2016 256 2061 forte
278 2020 409 2074 Apros
433 2018 673 2077 Guineenses
689 2016 828 2063 dietus
853 2021 1104 2080 intelligens.

863 2094 907 2139 A
937 2112 958 2151 3
1562 2098 1644 2143 Per

183 2186 217 2226 ³)
243 2188 275 2216 ln
286 2186 393 2227 belgica
413 2189 438 2216 K
452 2197 491 2216 οι
503 2198 556 2216 Βῐῐ
584 2186 718 2221 editione,
747 2198 819 2228 quae
840 2188 1055 2228 Amstelaedmm'
1075 2188 1179 2218 duobus
1195 2188 1313 2228 infolio
1335 2189 1520 2220 voluminibus
1533 2192 1641 2230 prodiit

241 2230 309 2265 (vol
331 2231 341 2258 Ι
363 2236 382 2268 p
409 2230 499 2270 159.)
516 2230 691 2259 contrarium
714 2231 860 2266 inminui-3
887 2233 972 2271 Belga
989 2234 1065 2261 enfin
1083 2233 1238 2270 inm-pres,
1266 2233 1353 2270 Apros
1372 2233 1524 2271 Africanos
1538 2234 1573 2264 ab
1582 2235 1639 2264 Eu-

239 2273 345 2310 ropaeis
368 2283 380 2300 r
391 2283 430 2300 [Aa
441 2283 460 2301 N
472 2283 486 2301 E
508 2283 527 2301 N
539 2283 555 2302 o
566 2283 585 2301 N
609 2272 732 2302 diverlbs
748 2274 801 2303 ess'e
816 2274 928 2313 posuit,
952 2284 1050 2306 contra
1066 2274 1177 2304 sensum
1194 2275 1353 2314 germanici
1368 2276 1527 2316 archetypi.
