1998 2701
548 189 708 248 2³0ss
819 192 964 245 (25)
1075 189 1234 247 ’Ξέκᾷ

141 298 352 349 lutel'cens,
391 299 519 339 carina
553 299 696 353 purius
725 297 927 339 albicante.
991 297 1138 351 Figura
1169 298 1280 340 rostri
1307 299 1345 338 in
1375 311 1500 353 parvo
1530 296 1625 351 fere,

142 368 244 408 quae
271 354 518 408 praecedam
541 354 699 408 speciei,
728 353 791 393 sed
813 352 999 393 omnibus
1019 352 1196 407 partibus
1215 356 1348 394 minus
1375 354 1563 405 torosum,
1590 366 1629 398 et

142 409 257 449 dorso
285 411 493 462 cafinaque
517 410 696 463 argutius
728 407 1005 462 compreffum.
1079 407 1254 449 Maxilla
1278 409 1470 464 superior
1500 409 1628 450 mobi-

142 463 296 515 liffima,
327 466 450 517 magis
471 477 591 518 quam
609 465 647 505 in
669 463 1017 518 praecedentibus,
1046 463 1183 504 versus
1201 464 1307 505 basin
1327 464 1490 515 dilatata,
1519 465 1629 519 apice

142 517 378 572 compressa,
417 518 674 566 sub-incurva,
712 518 871 560 aciebus
897 517 1068 573 praedita
1097 520 1430 572 convexiusculis,
1466 519 1514 560 ad
1541 519 1629 573 plu-

141 588 222 615 mas
244 573 429 614 frontales
449 573 740 627 deficientibus,
770 574 951 628 calloque
976 573 1134 629 prorsus
1163 574 1356 616 destituta.
1455 573 1630 626 Iigsiwior

141 628 318 683 perfecte
344 630 558 683 triquetra,
588 632 699 685 apice
717 629 975 685 compressior
1001 641 1040 670 et
1058 630 1127 670 vix
1155 630 1360 672 evidenter
1383 641 1572 672 truncata.

249 698 427 742 Narium
447 700 527 740 alae
546 701 796 754 minusculae,
813 701 1105 756 cartilagineae,
1128 701 1277 756 planae.
1339 699 1481 743 Nares
1503 701 1630 756 usque

139 753 188 795 ad
205 753 361 807 plumas
388 755 490 793 basin
507 756 621 795 rostri
643 759 847 809 cingentes
865 757 1106 810 productae,
1144 758 1316 810 perviae.

251 822 416 876 Lingua
444 823 558 877 plana
574 827 687 879 apice
703 826 934 867 tenuiffima.
975 825 1175 868 ‘Palmum
1198 825 1329 866 medio
1354 826 1512 881 spinulis
1531 826 1631 880 spar-

134 877 245 930 sum,
272 879 426 918 ambitu
445 879 583 918 leviter
601 880 791 921 sulcatum
810 914 819 932 ,
849 895 924 936 pro
954 881 1132 922 maxillae
1158 879 1358 921 inferioris
1386 883 1632 936 *ztarginibus

134 933 386 987 recipiendis.
417 931 655 986 (Oculorum
674 936 789 977 iridcs
809 936 1007 989 candidae,
1035 936 1177 978 halone
1195 937 1327 991 nigrO,
1355 937 1630 991 STELLER.)

246 1001 398 1043 [Αἴαντι
414 1012 523 1055 pone
542 1001 681 1041 oculos
704 998 811 1053 alba,
842 998 1101 1053 descendens;
1127 999 1325 1054 plumu'ae
1343 1014 1443 1044 vero
1464 1007 1630 1048 setaceae

139 1059 209 1099 vix
228 1057 484 1110 conspicuae,
510 1055 651 1099 adsunt
674 1067 828 1108 tamen,
860 1067 905 1096 ut
932 1055 971 1094 in
997 1055 1339 1108 praecedentibus.
1426 1057 1558 1102 From
1581 1062 1631 1103 ad

139 1113 312 1155 rostrum
332 1111 476 1165 plumis
502 1109 655 1164 aliquot
673 1109 827 1151 reflexis
853 1109 966 1151 velut
989 1110 1030 1150 in
1049 1109 1252 1165 duplicem
1271 1125 1511 1157 mucronem
1537 1118 1629 1159 emi-

136 1180 227 1219 net,
256 1178 432 1221 quorum
453 1164 657 1207 dexterior
684 1166 811 1220 magis
837 1162 1009 1219 assurgit.

256 1236 399 1291 Caput,
419 1236 556 1278 cervix
573 1237 685 1292 nigra
697 1268 707 1288 ,
735 1234 862 1277 lituris
878 1235 1031 1290 aliquot
1050 1236 1143 1279 inde
1162 1252 1183 1281 a
1211 1239 1340 1281 nucha
1358 1240 1524 1284 obscure
1552 1243 1627 1287 fer·

139 1295 326 1349 rugineis.
380 1292 577 1334 Truncus
600 1292 715 1346 supra
733 1291 868 1345 niger,
896 1290 1058 1344 subtus,
1088 1306 1182 1336 cum
1212 1295 1314 1336 collo
1335 1296 1383 1337 ad
1407 1297 1543 1352 gulam
1570 1300 1626 1341 us-

140 1356 232 1405 que,
254 1360 351 1389 cano
369 1344 602 1401 fuliginosus
618 1346 685 1389 seu
702 1346 903 1399 cinereus,
930 1346 1068 1389 versus
1084 1361 1207 1392 anum
1225 1350 1401 1393 albidion
1456 1351 1628 1409 Lanugo

140 1405 318 1460 corporis
337 1403 500 1444 cinerea.

249 1473 348 1516 Alae
372 1475 441 1514 vix
468 1477 716 1528 uropygium
743 1473 962 1525 excedunt,
999 1474 1140 1518 subtus
1174 1489 1312 1529 canae,
1342 1476 1458 1532 supra
1477 1481 1626 1536 nigrae,

142 1530 366 1574 tefi‘cricibus
384 1542 503 1582 atque
522 1529 780 1569 vestitricibus
798 1528 1030 1570 secundariis
1042 1531 1207 1571 interius
1224 1532 1287 1573 vel
1300 1533 1376 1573 basi
1386 1533 1628 1591 plerumque

174 1582 431 1640 ryseo-fuscis
448 1583 635 1623 litut-atae.
689 1586 858 1638 Renges
877 1590 940 1623 26.
975 1586 1184 1636 primariae
1210 1599 1268 1625 ιο.
1291 1600 1466 1640 quarum
1494 1591 1627 1634 secun-

142 1601 191 1683 {a
216 1653 255 1681 et
288 1640 398 1680 tertia
433 1637 698 1691 longiffimae;
732 1648 873 1678 omnes
898 1637 1113 1680 introrsum
1131 1638 1391 1696 canescentes,
1418 1643 1540 1699 scapis
1565 1649 1626 1688 ni-

140 1698 246 1750 gris,
276 1694 414 1735 subtus
446 1691 575 1734 fuscis.
1622 1697 1625 1700 ’

255 1764 389 1807 Gauda
415 1764 649 1806 breviffima.
712 1763 913 1808 Restrices
942 1779 1004 1816 14.
1022 1765 1295 1822 subaequale3‚
1331 1768 1469 1811 mediis
1496 1781 1642 1814 tamen>

141 1822 261 1877 paulo
287 1821 558 1872 brevioribus,
592 1832 632 1862 et
657 1822 812 1864 extimis
834 1822 944 1877 apice
967 1820 1378 1878 ferrugineseentibus.
1433 1824 1629 1870 Tefirices

143 1876 291 1920 caudae
310 1876 385 1917 basi
401 1873 728 1931 ferruginescunt.

251 1946 374 1990 Pedes
395 1947 587 2002 trida&yli
601 1981 612 2000 ,
640 1948 768 1995 lividi;
796 1950 1024 1992 membrana
1035 1951 1136 1992 inter
1150 1949 1294 2006 digitos
1305 1954 1496 2007 aterrima,
1514 1966 1623 2009 prae·

142 2004 274 2048 sertim
290 2003 439 2048 subtus.
494 2003 626 2060 Niger
648 2018 814 2062 quoque
843 2006 958 2049 tibiae
973 2019 1114 2062 margo
1139 2007 1323 2062 posticus.

875 2115 915 2161 n
1455 2120 1621 2178 ΜΕΝῗ
