1998 2701
644 175 828 232 «ΜΘΝ
947 175 967 229 (
1032 183 1081 219 18
1143 176 1165 230 3
1284 173 1468 232 Quod&

303 281 369 324 sus*
381 276 468 320 mist
486 275 574 318 sum
590 272 736 316 videre
754 287 909 331 porum
926 271 1153 330 exiguum3
1183 270 1337 329 stylum
1356 283 1499 317 tamen
1513 271 1692 318 inserere
1705 274 1820 321 haud

304 338 432 398 potui.

421 392 538 435 Color
561 389 944 434 liuido-exalbidus.

831 483 1287 535 ANATOME.

421 571 688 615 Internorum
706 569 944 613 scrutinium
963 569 1209 611 miraculum
1224 568 1363 617 auxit,
1422 582 1634 632 nanquam
1653 567 1710 614 ob
1732 584 1824 614 cor-

306 631 545 689 ruptionem
563 626 763 672 structura
784 627 898 670 haud
912 626 1021 670 bene
1041 625 1258 684 perspecta
1274 627 1376 669 mihi
1408 640 1449 670 lt.

422 691 554 731 Almls
573 688 678 729 ultra
694 687 883 730 medium
903 685 1055 733 mollis,
1068 684 1472 735 vulneratuseffudit
1489 686 1696 747 liquorem
1712 686 1828 749 quast

308 759 391 789 atra
408 747 583 806 fuligine
602 744 821 788 saturatum
833 777 844 794 ,
878 747 990 797 cujus
1007 741 1189 803 insigues
1208 758 1379 803 quoque
1395 746 1535 803 grumi
1553 746 1693 789 eidem
1709 748 1825 788 inna-

308 804 462 850 tabant.
526 804 649 847 Haec
667 817 809 846 autem
827 804 960 859 fuligo
983 817 1058 860 per
1076 803 1396 860 microl'copium
1415 803 1527 845 rudis
1546 806 1747 862 apparuit.

425 865 593 906 Crinitus
614 863 822 928 liquorem
835 862 1057 904 continens
1077 876 1237 919 organa
1257 859 1467 903 visceraue
1485 862 1595 904 nulla
1616 861 1829 910 exhibuit,

307 922 493 967 obducta
510 933 624 964 textu
645 918 1059 968 fibrolb-musculoib‚
1092 935 1116 963 e
1141 917 1255 962 fibris
1277 917 1516 962 transuersis
1542 920 1587 963 <Sc
1605 919 1824 964 crebriori-

309 979 384 1023 bus
404 978 777 1040 longitudinalibus
800 976 936 1029 facto,
965 992 989 1020 a
1012 993 1098 1036 quo
1116 978 1158 1020 in
1184 977 1325 1021 media
1349 993 1519 1036 quoque
1544 980 1721 1022 cauitate
1739 975 1826 1021 effi-

309 1040 410 1081 citur
442 1040 595 1094 septum
612 1039 891 1090 mediastinum
907 1035 1271 1094 perpendiculare,
1289 1036 1407 1094 quod
1422 1037 1564 1079 aluum
1578 1038 1622 1079 in
1643 1037 1728 1079 duo
1742 1036 1828 1095 pla-

308 1113 361 1140 ne
376 1096 566 1139 distincta
582 1111 683 1137 caua
701 1094 900 1151 dispescit.

423 1153 589 1197 Totam
609 1153 789 1195 anticam
808 1149 851 1194 ἀ
872 1147 1154 1209 angustiorem
1172 1151 1360 1209 corporis
1376 1162 1539 1210 partem
1558 1151 1667 1195 inter
1680 1152 1829 1195 ventri-

309 1211 445 1256 cosam
466 1212 709 1271 portionem
725 1209 769 1253 ὄι
792 1209 948 1253 collum
965 1208 1112 1267 explet
1122 1211 1391 1266 paremhyma
1413 1210 1707 1260 cauernosum,
1735 1224 1825 1253 cor-

308 1273 401 1331 pori
428 1269 655 1314 cauernoso
680 1270 802 1328 penis
826 1265 1046 1316 structura,
1086 1266 1132 1310 <Sc
1151 1266 1409 1310 consistentia
1426 1268 1619 1325 pulmoni
1641 1269 1828 1312 humano

308 1329 457 1380 simile,
488 1328 655 1388 propria
685 1329 922 1370 membrana
946 1325 1038 1368 satis
1065 1324 1230 1369 robusta
1259 1325 1471 1368 inclusum.
1531 1326 1633 1369 Hoc
1651 1342 1733 1386 qua
1762 1341 1825 1370 ca-

307 1405 410 1435 vum
427 1389 508 1432 alui
524 1387 685 1445 respicit
707 1383 1214 1441 truncato-subdidymum
1230 1384 1307 1433 est,
1346 1383 1507 1441 septum
1533 1384 1826 1427 mediastinum

308 1462 480 1510 quoque
499 1446 724 1504 recipiens,
757 1443 959 1490 anterius,
992 1442 1046 1483 ad
1066 1442 1289 1484 cauitatem
1317 1441 1607 1498 cotyloideam
1631 1443 1825 1486 termina-

308 1519 392 1554 tur,
420 1519 599 1563 eamque
615 1501 687 1544 fibi
703 1500 902 1558 insculpta
923 1497 1025 1542 foffa
1042 1498 1175 1542 fouet.
1236 1496 1509 1542 Adhaerebat
1524 1500 1709 1561 undique
1731 1506 1826 1544 tex-

307 1566 366 1609 tui
382 1560 632 1609 musculoso,
653 1559 765 1602 haud
783 1573 909 1617 aegre
925 1570 1068 1600 tamen
1088 1556 1296 1600 enucleari
1314 1557 1462 1614 potuit.
1521 1556 1706 1601 Preffum
1723 1558 1823 1602 effu.

307 1623 573 1680 ditliquorem
591 1635 642 1662 co
675 1616 806 1661 insum
824 1616 1143 1664 fusco-luteum,
1174 1616 1246 1675 qui
1269 1613 1547 1673 microscopio
1574 1615 1682 1660 visus
1701 1632 1824 1676 appa·

307 1683 388 1725 ruit
412 1679 567 1724 tinctus
595 1693 619 1721 e
652 1692 675 1720 e
699 1691 723 1720 a
741 1676 942 1719 moleculis
964 1672 1177 1722 malibus,
1229 1674 1391 1731 opacis,
1432 1672 1825 1726 lutescente-fuscis,

308 1737 550 1801 aequalibus
561 1744 578 1787 ;‘
602 1750 710 1798 quae
725 1732 963 1793 corpuscula
979 1732 1197 1791 organica,
1232 1744 1358 1790 atque
1374 1730 1686 1777 verofimillime
1702 1735 1826 1777 ovula

305 1798 415 1847 sunt;
450 1794 742 1857 parenchyma
758 1790 1029 1836 cauernosum
1045 1803 1187 1834 autem
1204 1791 1367 1840 ovam,
1400 1789 1692 1849 respondentia
1710 1793 1825 1852 poris

306 1857 426 1917 supra
442 1855 686 1899 memoratis
699 1884 709 1901 ‚
738 1852 791 1894 acl
811 1850 994 1894 cotulam
1019 1851 1213 1910 utrinque
1230 1847 1440 1892 obscurius
1461 1848 1568 1892 vifis.

428 1915 580 1958 Collum
597 1911 777 1954 molliori
799 1911 911 1953 intus
936 1919 1106 1952 textura
1130 1908 1359 1967 repletum,
1391 1922 1499 1968 quae
1522 1907 1691 1953 forsitan
1706 1909 1823 1969 dige-

304 1974 447 2018 stionis
465 1986 624 2031 organa
642 1970 844 2013 continet.

426 2031 496 2074 Ad
518 2028 630 2075 basin
652 2028 747 2071 colli
772 2025 1096 2086 parenchymati
1124 2022 1351 2068 cauernoso
1376 2022 1574 2084 insculpta
1588 2025 1708 2070 facile
1724 2036 1822 2070 ‘tota

307 2090 549 2135 enucleatur
562 2088 694 2131 cotula
704 2083 1187 2143 carnoso-cartilagineae
1203 2082 1500 2133 confistentiae‚
1516 2088 1628 2139 cujus
1643 2100 1713 2129 me
1727 2083 1821 2128 usus

309 2151 430 2200 latet,
456 2162 589 2209 quum
604 2145 720 2191 nullo
741 2143 881 2190 osculo
897 2145 1088 2203 perviam
1103 2141 1322 2190 obseruare
1335 2143 1560 2202 potuerim.

1616 2199 1820 2247 LIMAX

1663 2307 1691 2339 Ι.
1754 2310 1759 2312 ,
