1998 2701
528 210 688 269 'Eae-2
804 208 1023 266 (29)
1139 211 1301 268 ’2⁵05ss

171 322 322 365 venula
346 322 499 377 exigua
527 334 587 363 ex
611 317 698 377 ipso
723 328 818 362 ortu
842 331 978 361 venae
1005 316 1274 377 spermaticae
1300 322 1386 374 ejus
1410 321 1547 365 lateris
1568 336 1664 381 pro-

171 381 327 423 deunte
344 380 493 434 adjuta.
554 379 715 432 Sinistri
729 378 840 421 renis
861 392 968 419 vena
986 377 1173 436 longior,
1199 391 1297 422 ante
1317 377 1586 424 insertionem
1603 379 1662 425 bi-

171 438 363 482 furcatur.
447 437 641 480 Ameriae
666 437 823 479 renales
846 437 947 480 citra
974 450 1121 478 renem
1147 436 1352 486 bicrures3
1399 441 1545 480 [lextra
1566 451 1661 481 ortu

170 498 302 555 prior,
333 497 390 539 ita
414 507 460 538 ut
484 506 658 554 utraque
682 494 735 538 ad
758 494 868 537 renis
893 492 949 537 sui
974 494 1163 537 medium
1186 492 1305 538 resto
1328 496 1483 555 angulo
1509 496 1661 540 deduci

168 556 374 613 potuerit,
403 568 500 596 cum
529 564 676 596 contra
698 567 833 596 venae
858 568 916 595 ex
941 553 1095 596 eodem
1123 553 1256 597 Cel-vae
1281 554 1378 597 loco
1411 566 1528 597 ortae
1556 553 1660 598 obli-

168 614 290 671 quius
308 611 551 671 procedant.
612 612 769 666 Papillcz
790 611 940 653 renalis
964 612 1073 654 intus
1096 610 1282 655 solitaria.
1347 613 1535 656 Ureteres
1561 613 1659 670 (fig.

171 686 189 714 1
200 686 234 714 1.
253 672 335 726 hb.)
355 670 536 729 paralleli
550 669 602 712 ad
618 668 773 727 spinam
786 669 1040 712 descendunt
1056 669 1102 713 ἃ
1118 671 1404 725 vesicaefzmdo
1413 671 1659 727 inseruntur.

282 729 474 772 VfficA
506 730 697 770 minaria
722 728 816 784 (fig.
840 743 904 770 11.
921 729 979 782 c.)
1002 729 1181 786 exigua,
1219 730 1297 772 vix
1323 729 1485 788 glandis
1511 744 1660 788 capax,

164 786 222 831 ob
243 799 454 829 ureterum
469 785 737 828 insertionem
755 783 1020 828 subbicornis.

280 844 591 886 GLANDULAE
607 842 895 896 fitprarenales
918 843 1012 899 (fig.
1031 858 1047 884 1
1060 857 1093 884 1.
1106 843 1202 898 dd.)
1226 843 1659 904 ovato-subglobosae,

164 899 323 948 flavae3
352 899 503 944 finistra
520 899 594 942 situ
610 899 744 941 multo
761 899 933 943 inferior
955 901 1210 944 dexteriore.

279 958 488 1002 TESTEs
520 960 548 1014 (
537 959 618 1014 fig·
643 973 702 1004 ιη.
721 973 772 1000 ee.
774 960 803 1014 )
820 960 955 1016 parvi,
995 957 1167 1007 flaccidi,
1191 958 1381 1018 oblongi,
1400 960 1443 1002 in
1460 960 1612 1004 lumbis
1634 976 1658 1004 a

161 1016 290 1060 latere
307 1018 519 1060 exteriore
531 1017 703 1074 originis
715 1014 915 1074 psoadum
931 1016 1064 1075 positi,
1081 1018 1273 1077 adeoque
1288 1018 1412 1076 paulo
1423 1021 1657 1063 exteriores

162 1074 332 1117 renibus
364 1075 409 1118 ὄε
435 1074 721 1133 semipollicari
756 1076 917 1119 circiter
949 1074 1001 1119 ab
1023 1077 1072 1118 iis
1092 1075 1289 1118 distantia.
1350 1074 1485 1120 Arete
1503 1076 1656 1121 lumbis

161 1133 301 1175 adnati
316 1132 406 1176 sunt
422 1134 566 1182 testes,
597 1131 851 1192 &margine
877 1132 1009 1177 libero
1037 1136 1226 1177 coronati
1250 1134 1557 1184 membranula,
1586 1134 1655 1179 seu

161 1192 229 1234 ala
254 1206 278 1233 e
302 1192 549 1249 peritonaeo
567 1189 684 1243 gfacta
712 1190 756 1233 dc
774 1192 896 1259 adipe
919 1192 1072 1242 striata,
1106 1208 1214 1252 quae
1236 1192 1330 1236 vasa
1359 1209 1383 1236 a
1401 1193 1653 1252 spermaticis

158 1249 320 1307 accipit.
379 1251 537 1292 Daseim
553 1250 774 1301 deferentes
791 1251 885 1307 (fig.
904 1268 917 1293 1
931 1267 962 1294 1.
962 1253 1015 1306 ff
1016 1254 1044 1307 )
1072 1249 1361 1295 membranula
1376 1267 1450 1295 ceu
1468 1253 1653 1309 messente-

158 1308 262 1350 riolo
283 1307 640 1366 longitudinaliter
677 1307 836 1351 adnexi
864 1308 1119 1352 descendunt
1148 1309 1194 1352 ὀὶ
1216 1323 1402 1353 ureteres
1431 1308 1651 1354 decussant„

168 1365 575 1423 Venaespermaticae
591 1381 650 1409 ex
673 1381 776 1408 cava
790 1368 1019 1425 prodeunt3
1037 1369 1207 1423 firrssrfa
1224 1372 1376 1422 major,
1394 1383 1489 1412 ante
1504 1369 1651 1411 testem

157 1439 320 1466 ramum
343 1423 483 1468 tribuit
516 1423 705 1468 musculis
731 1423 1066 1484 hypochondrii,
1102 1438 1385 1480 recurvatnm5
1429 1429 1495 1470 cui
1522 1428 1651 1470 comi-

157 1493 247 1524 tem
264 1483 500 1525 arteriolam
512 1484 639 1525 mittit
660 1483 804 1526 Aorta.
852 1485 892 1526 V
885 1500 963 1527 ena
971 1485 1027 1542 sp.
1041 1489 1187 1528 dextra
1205 1497 1350 1528 contra
1361 1489 1564 1529 ramnulfum}
1575 1501 1650 1528 ex-

156 1538 251 1582 serit
265 1541 445 1596 deorfum
478 1542 521 1583 in
547 1541 754 1584 lumbares
778 1540 983 1585 musculos
1001 1542 1312 1586 absumendum.
1341 1544 1648 1600 Arrerimsper-

157 1600 328 1640 metticae
343 1613 401 1640 ex
416 1600 564 1642 renalis
580 1601 772 1659 utrinque
787 1615 905 1643 ramo
922 1600 1140 1650 inferiore,
1156 1615 1290 1659 prope
1308 1599 1646 1652 bifurcationem,

156 1657 345 1698 oriuntur
364 1657 458 1713 (fig.
484 1673 496 1698 1
515 1674 545 1699 1.
566 1658 682 1713 ΕΒ).

273 1714 318 1756 D
330 1729 386 1756 uc
399 1730 454 1756 TU
468 1730 487 1756 s
518 1716 752 1770 dash-emes,
769 1715 867 1758 inde
885 1714 936 1759 ab
953 1719 1213 1773 epididymide
1232 1718 1375 1767 tereti,
1407 1716 1552 1760 sensim
1577 1717 1646 1761 ad-

156 1782 401 1821 tenuantur,
438 1784 484 1814 ut
503 1772 642 1816 versus
668 1772 825 1831 pelvim
850 1772 1086 1823 tenuissimi,
1120 1772 1192 1816 filo
1217 1776 1294 1818 vix
1319 1774 1528 1819 crassiores
1550 1774 1646 1825 sint3

157 1828 230 1872 ubi
253 1844 357 1872 vero
383 1846 496 1888 pone
516 1830 695 1873 vesicam
722 1832 1004 1889 adproximati
1034 1833 1253 1876 decurrere
1276 1834 1478 1892 incipiunt
1502 1836 1544 1876 in
1568 1833 1645 1877 ser-

154 1888 351 1945 pentinos
372 1890 620 1932 maeandros
640 1888 798 1946 crispati
815 1889 1214 1948 quafisbcumlmwm
1239 1895 1538 1948 epidiefymia'em
1557 1893 1645 1949 (fig.

159 1947 335 2001 ⁴11.gg.)
362 1947 629 1997 constituunt,
669 1946 713 1990 ὧι
736 1949 927 1998 tandem,
966 1949 1106 1992 denuo
1137 1946 1257 1992 resto
1290 1949 1438 2000 ductu,
1477 1951 1531 1995 ad
1555 1965 1646 1994 ure-

152 2001 273 2046 thrae
289 2015 427 2046 ortum
443 2018 634 2064 pergunt.
1651 2036 1656 2041 ’

273 2059 336 2104 lbi
351 2064 542 2122 utrinque
559 2062 715 2108 adsidet
745 2065 1002 2109 VESICULA
1021 2067 1236 2123 stmimlis
1254 2069 1282 2123 (
1272 2068 1352 2124 fig.
1368 2083 1384 2110 1
1400 2069 1528 2124 th.)
1546 2066 1641 2111 flac-

154 2118 266 2168 cida,
296 2118 547 2170 subramosa,
577 2121 644 2165 seu
669 2125 807 2181 potius
825 2123 1010 2168 varicoso
1029 2151 1043 2158 ·
1064 2123 1340 2173 anfraetuosa‚
1367 2142 1444 2184 pro
1463 2126 1642 2169 animale

153 2174 246 2219 satis
261 2193 435 2237 magna,
451 2182 605 2240 quippe
625 2179 872 2240 bipoliicaris
888 2184 986 2227 fere.
1015 2183 1055 2226 E
1072 2184 1185 2242 pelvi
1201 2183 1254 2227 ad
1275 2182 1436 2229 veficae
1466 2184 1510 2228 ὀε
1536 2182 1641 2227 recisi

848 2241 894 2284 D
938 2257 957 2293 3
1537 2243 1642 2286 latus
