1998 2701
674 250 836 309 'fiae-‘2‘
950 249 1167 306 (10)
1284 244 1447 306 2³00&

315 361 547 422 gnitudine,
568 356 712 402 saltem
731 356 916 407 craffitie,
934 372 1031 401 cum
1050 357 1291 414 Babyronffiz
1314 358 1442 401 etiam
1466 357 1723 402 contendere
1747 359 1808 403 vi‹

315 423 445 464 detur.
505 419 562 461 Et
586 417 744 460 summa
772 416 1027 475 superiorum
1049 415 1102 458 ad
1125 416 1253 459 latera
1276 428 1592 460 recurvatorum
1617 415 1808 461 craffities

314 478 535 536 praecipua
581 491 720 534 uoque
738 475 854 518 causa
872 475 930 519 est
955 474 1181 518 latitudinis
1197 474 1448 518 monstrosae
1468 475 1606 524 rostri,
1623 491 1749 534 quam
1765 477 1809 519 in

311 537 442 579 Icone
457 534 573 587 adJeC
595 549 618 576 a
630 566 639 582 ‚
701 533 762 576 ost
777 535 894 592 plura
910 534 1140 577 tentamina
1157 530 1331 590 pi<S⁹coris
1344 534 1516 577 tandem
1542 548 1600 576 ex
1617 545 1720 576 voto
1739 534 1809 577 ad-

313 593 549 636 umbratam
567 549 843 640 exhiEemus‚
878 607 1069 651 quaeque
1088 591 1233 648 capiti,
1258 606 1335 648 pro
1352 593 1466 635 mole
1483 591 1673 634 animalis
1688 606 1809 650 gran-

314 650 517 699 diusculo,
545 665 767 694 enormem
783 646 1025 708 adspecf’tum
1037 648 1251 698 conciliat,
1282 650 1577 693 accedentibus
1603 650 1810 707 imprimis

311 708 420 752 lobis
440 707 747 752 subocularibus
763 707 809 751 ὣ
827 709 1031 758 verrucis,
1063 720 1282 766 totamque
1305 707 1458 753 faciem
1480 707 1663 752 hiulcam
1684 707 1729 751 ἅτ
1747 709 1808 752 in-

309 764 495 811 formem
528 766 814 812 reddentibus,

428 849 532 893 Istae
556 862 698 893 tamen
722 864 922 894 verrucae
948 849 994 893 ὅε
1020 849 1129 899 lobi,
1207 863 1285 892 uae
1315 847 1631 894 difformitatem
1664 849 1810 908 capitiS

311 923 400 951 non
421 923 569 966 parum
592 921 771 967 augent,
808 924 896 950 non
918 909 1116 951 videntur
1149 862 1229 951 eise
1262 920 1399 964 partes
1428 906 1810 966 supernumerariae

310 966 409 1009 huic
427 966 573 1025 speciei
591 982 689 1025 prae
703 967 870 1025 reliquis
889 963 1113 1009 concessae.
1173 967 1322 1009 Rarius
1341 965 1486 1008 videas
1495 966 1703 1009 Naturam
1724 967 1809 1009 ani-

310 1025 411 1067 mali
425 1025 667 1083 particulam
682 1041 758 1083 pro
775 1023 844 1067 usu
863 1025 931 1067 vel
949 1036 1201 1067 ornamento
1224 1022 1421 1066 addidisse
1433 1056 1443 1072 ‚
1473 1039 1579 1083 quae
1597 1039 1809 1082 congene-

310 1081 424 1127 ribus
442 1081 653 1141 speciebus
670 1084 847 1125 omnino
858 1081 980 1129 desit3
1012 1083 1217 1124 minutam
1232 1082 1479 1140 plerumque
1496 1083 1536 1123 in
1547 1081 1727 1141 reliquis,
1738 1082 1809 1125 uni

310 1142 355 1184 in
372 1156 576 1199 magnum
596 1141 798 1184 volumen
815 1139 993 1189 auxiffe,
1024 1139 1069 1182 ὗε
1098 1138 1183 1182 hoc
1201 1140 1333 1182 modo
1357 1140 1399 1182 in
1418 1137 1689 1198 conspectum
1714 1155 1809 1198 pro-

311 1198 472 1242 duxisse
498 1198 753 1243 observatur.
836 1199 1014 1242 Diceres
1039 1196 1123 1240 hoc
1149 1213 1318 1257 quoque
1341 1198 1384 1239 in
1418 1199 1555 1241 Arno
1589 1200 1810 1254 aethiopico

305 1255 533 1316 contigisse.
592 1257 779 1317 Reliquis
804 1259 918 1299 enim
937 1254 1091 1300 Suibus
1108 1257 1251 1315 (quod
1277 1254 1572 1299 evidentiffimc
1601 1258 1643 1299 in
1674 1255 1809 1300 foetu·

310 1314 390 1361 bus
410 1316 517 1373 Apri
533 1316 755 1358 americani
780 1314 806 1360 s.
840 1317 1021 1371 Tajaffits
1039 1314 1208 1368 videas)
1230 1314 1287 1357 est
1311 1315 1504 1374 utrinque
1523 1330 1697 1358 verruca
1719 1313 1809 1357 seti-

312 1388 414 1433 gera
432 1388 586 1432 magna
604 1372 674 1417 sub
693 1373 844 1423 oculis,
873 1374 918 1417 ἀ
944 1375 1022 1416 alia
1035 1388 1149 1431 pone
1166 1374 1249 1415 oris
1274 1373 1463 1438 angulos,
1523 1372 1661 1426 Hujus
1684 1373 1810 1432 igitur

311 1433 452 1475 locum
472 1443 588 1475 tenet
603 1433 644 1473 in
662 1432 716 1475 A.
737 1433 956 1487 aethiopico
982 1431 1244 1475 tuberculum
1269 1433 1399 1473 rostro
1426 1432 1619 1491 utrinque
1642 1430 1812 1489 imposi-

311 1501 424 1539 tum,
449 1490 505 1532 illi
522 1501 663 1532 autem
691 1488 910 1533 succedere
932 1490 1097 1534 videtur
1131 1489 1253 1533 lobus
1288 1487 1548 1532 subocularis.
1646 1489 1705 1532 Et
1730 1504 1808 1547 pro

311 1544 556 1650 suprlariliari
572 1562 745 1595 verruca
760 1547 817 1592 est
832 1550 889 1592 illi
910 1550 1014 1594 cutis
1040 1547 1208 1606 rugosa,
1238 1547 1378 1606 longis
1400 1548 1494 1606 pilis
1510 1546 1660 1606 sparsa,
1691 1547 1809 1607 supra

310 1621 390 1650 ocu
409 1622 468 1650 os.

427 1696 699 1757 Longitudo,
736 1696 872 1741 moles
897 1695 942 1741 δε
967 1695 1161 1741 anomala
1185 1694 1323 1740 forma
1352 1695 1498 1755 capitis
1534 1695 1809 1756 dentiumque

315 1754 486 1812 insignis
504 1769 710 1798 armatura
733 1755 959 1799 terribilem
986 1758 1162 1799 omnino
1191 1754 1289 1797 huic
1319 1756 1426 1810 Apri
1455 1752 1696 1812 adspecsum
1718 1754 1808 1797 red-

318 1812 435 1858 dunt.
496 1813 717 1870 Sapienter
745 1813 909 1856 Natura
936 1815 1086 1856 duritie
1113 1814 1229 1856 rostri
1248 1812 1293 1855 ἃ
1319 1813 1444 1855 armis
1464 1811 1657 1861 exsectus,
1688 1810 1808 1855 simul

314 1871 499 1929 agilitate
516 1870 560 1912 dc
579 1870 798 1913 calliditate
815 1872 966 1913 animal
982 1871 1079 1914 alias
1095 1870 1284 1919 imbelle,
1313 1885 1450 1929 neque
1468 1885 1616 1919 cornu,
1648 1885 1726 1913 nec
1736 1886 1807 1912 un-

347 1926 467 1971 uibus
484 1928 627 1971 valens
651 1927 695 1970 ὗε
710 1929 869 1970 nudum
892 1930 933 1970 in
950 1929 1104 1987 praelia
1128 1944 1278 1986 corpus
1300 1943 1472 1986 gerens,
1510 1940 1655 1971 contra
1676 1941 1808 1971 trucu-

314 1943 454 2030 {ntos
479 1983 843 2044 copiossffimarum
869 1985 1037 2029 Africae
1068 1986 1248 2029 serarum
1285 1985 1452 2028 insultus
1484 1984 1676 2029 firmavit.
1750 1986 1809 2028 Et

318 2059 415 2087 cum
434 2044 586 2093 oculis,
618 2044 661 2086 in
683 2042 844 2087 summo
861 2046 994 2103 capite
1012 2043 1116 2093 sitis,
1147 2043 1190 2086 &
1213 2042 1323 2103 quasi
1354 2044 1405 2088 ab
1433 2045 1690 2087 imminentis
1714 2042 1808 2086 solis

316 2102 466 2146 ardore
490 2101 618 2160 sparsa
637 2102 809 2161 desuper
835 2118 1015 2160 caprona
1041 2102 1352 2151 umbraculatis‚
1389 2103 1467 2146 vix
1483 2101 1557 2145 nisi
1578 2100 1808 2144 antrorsum

319 2173 480 2210 cernat,
511 2159 679 2203 favente
698 2159 755 2204 ibi
771 2160 958 2203 ciliorum
1007 2176 1146 2220 uoque
1163 2161 1205 2202 in
1220 2161 1358 2218 priore
1374 2162 1568 2218 portione
1584 2159 1809 2218 palpebrae

317 2215 511 2269 defeelm,
540 2231 767 2278 contraque
781 2220 969 2265 auriculis
1011 2234 1112 2278 upra
1139 2217 1184 2262 6:
1208 2230 1340 2270 retro,
1370 2218 1478 2265 lobis
1501 2216 1809 2263 subocularibus

1668 2290 1810 2321 autem
