<?xml version="1.0" encoding="UTF-8"?>
<!DOCTYPE html PUBLIC "-//W3C//DTD XHTML 1.0 Transitional//EN"
    "http://www.w3.org/TR/xhtml1/DTD/xhtml1-transitional.dtd">
<html xmlns="http://www.w3.org/1999/xhtml" xml:lang="en" lang="en">
 <head>
  <title>
</title>
<meta http-equiv="Content-Type" content="text/html;charset=utf-8" />
  <meta name='ocr-system' content='tesseract 3.04.00' />
  <meta name='ocr-capabilities' content='ocr_page ocr_carea ocr_par ocr_line ocrx_word'/>
</head>
<body>
  <div class='ocr_page' id='page_1' title='image "./spicilegiazoolog110pall_0260.png"; bbox 0 0 1998 2701; ppageno 0'>
   <div class='ocr_carea' id='block_1_1' title="bbox 784 227 1487 287">
    <p class='ocr_par' dir='ltr' id='par_1_1' title="bbox 784 227 1487 287">
     <span class='ocr_line' id='line_1_1' title="bbox 784 227 1487 287; baseline 0.003 -2"><span class='ocrx_word' id='word_1_1' title='bbox 784 227 945 285; x_wconf 48' lang='grc' dir='ltr'>Ξῆςέἒ</span> <span class='ocrx_word' id='word_1_2' title='bbox 1055 229 1210 284; x_wconf 80' lang='lat'><em>(26)</em></span> <span class='ocrx_word' id='word_1_3' title='bbox 1325 229 1487 287; x_wconf 46' lang='lat' dir='ltr'>&#39;’2222ss</span> 
     </span>
    </p>
   </div>
   <div class='ocr_carea' id='block_1_2' title="bbox 372 336 1920 789">
    <p class='ocr_par' dir='ltr' id='par_1_2' title="bbox 372 336 1920 789">
     <span class='ocr_line' id='line_1_2' title="bbox 386 336 1878 392; baseline 0.001 -11"><span class='ocrx_word' id='word_1_4' title='bbox 386 342 521 390; x_wconf 88' lang='lat' dir='ltr'>niunt,</span> <span class='ocrx_word' id='word_1_5' title='bbox 559 348 773 391; x_wconf 81' lang='lat' dir='ltr'>antequam</span> <span class='ocrx_word' id='word_1_6' title='bbox 796 336 938 391; x_wconf 81' lang='lat' dir='ltr'>glacies</span> <span class='ocrx_word' id='word_1_7' title='bbox 965 349 1108 379; x_wconf 86' lang='lat' dir='ltr'>eorum</span> <span class='ocrx_word' id='word_1_8' title='bbox 1133 348 1251 392; x_wconf 84' lang='lat' dir='ltr'>rupta</span> <span class='ocrx_word' id='word_1_9' title='bbox 1276 337 1342 378; x_wconf 88' lang='lat' dir='ltr'>vel</span> <span class='ocrx_word' id='word_1_10' title='bbox 1369 336 1536 379; x_wconf 87' lang='lat' dir='ltr'>resoluta</span> <span class='ocrx_word' id='word_1_11' title='bbox 1562 338 1617 380; x_wconf 88' lang='lat' dir='ltr'>sit.</span> <span class='ocrx_word' id='word_1_12' title='bbox 1699 337 1878 382; x_wconf 61' lang='lat' dir='ltr'>Defeuu</span> 
     </span>
     <span class='ocr_line' id='line_1_3' title="bbox 383 392 1920 449; baseline 0.001 -13"><span class='ocrx_word' id='word_1_13' title='bbox 383 398 516 449; x_wconf 89' lang='lat' dir='ltr'>itaque</span> <span class='ocrx_word' id='word_1_14' title='bbox 539 393 674 449; x_wconf 89' lang='lat' dir='ltr'>pabuli</span> <span class='ocrx_word' id='word_1_15' title='bbox 697 406 793 434; x_wconf 88' lang='lat' dir='ltr'>tunc</span> <span class='ocrx_word' id='word_1_16' title='bbox 811 392 955 446; x_wconf 68' lang='lat' dir='ltr'>coaffl,</span> <span class='ocrx_word' id='word_1_17' title='bbox 986 392 1123 435; x_wconf 89' lang='lat' dir='ltr'>Lenae</span> <span class='ocrx_word' id='word_1_18' title='bbox 1142 394 1336 449; x_wconf 83' lang='lat' dir='ltr'>imprimis</span> <span class='ocrx_word' id='word_1_19' title='bbox 1363 393 1574 436; x_wconf 87' lang='lat' dir='ltr'>decursum</span> <span class='ocrx_word' id='word_1_20' title='bbox 1600 393 1762 445; x_wconf 88' lang='lat' dir='ltr'>seeutae‚</span> <span class='ocrx_word' id='word_1_21' title='bbox 1790 410 1877 437; x_wconf 87' lang='lat' dir='ltr'>ver·</span> <span class='ocrx_word' id='word_1_22' title='bbox 1909 400 1920 403; x_wconf 37' lang='lat' dir='ltr'><em>s</em></span> 
     </span>
     <span class='ocr_line' id='line_1_4' title="bbox 378 448 1875 506; baseline 0 -13"><span class='ocrx_word' id='word_1_23' title='bbox 378 451 440 493; x_wconf 82' lang='lat' dir='ltr'>sus</span> <span class='ocrx_word' id='word_1_24' title='bbox 461 451 637 491; x_wconf 82' lang='lat' dir='ltr'>austrum</span> <span class='ocrx_word' id='word_1_25' title='bbox 657 448 845 502; x_wconf 87' lang='lat' dir='ltr'>tendunt,</span> <span class='ocrx_word' id='word_1_26' title='bbox 875 449 1001 501; x_wconf 87' lang='lat' dir='ltr'>lacus,</span> <span class='ocrx_word' id='word_1_27' title='bbox 1031 449 1196 505; x_wconf 82' lang='lat' dir='ltr'>paludes</span> <span class='ocrx_word' id='word_1_28' title='bbox 1215 462 1254 491; x_wconf 91' lang='lat' dir='ltr'>et</span> <span class='ocrx_word' id='word_1_29' title='bbox 1273 449 1526 506; x_wconf 72' lang='lat' dir='ltr'>scaturigines</span> <span class='ocrx_word' id='word_1_30' title='bbox 1559 450 1875 505; x_wconf 84' lang='lat' dir='ltr'>mediterraneas,</span> 
     </span>
     <span class='ocr_line' id='line_1_5' title="bbox 380 505 1874 562; baseline 0.001 -14"><span class='ocrx_word' id='word_1_31' title='bbox 380 506 530 548; x_wconf 61' lang='lat' dir='ltr'>infestis</span> <span class='ocrx_word' id='word_1_32' title='bbox 551 518 589 547; x_wconf 89' lang='lat' dir='ltr'>et</span> <span class='ocrx_word' id='word_1_33' title='bbox 608 505 750 561; x_wconf 73' lang='lat' dir='ltr'>plantis</span> <span class='ocrx_word' id='word_1_34' title='bbox 770 507 958 561; x_wconf 85' lang='lat' dir='ltr'>aquaticis</span> <span class='ocrx_word' id='word_1_35' title='bbox 976 505 1054 558; x_wconf 88' lang='lat' dir='ltr'>jam</span> <span class='ocrx_word' id='word_1_36' title='bbox 1079 518 1181 558; x_wconf 30' lang='lat' dir='ltr'>tunc,</span> <span class='ocrx_word' id='word_1_37' title='bbox 1201 505 1440 547; x_wconf 89' lang='lat' dir='ltr'>abundantia</span> <span class='ocrx_word' id='word_1_38' title='bbox 1468 507 1575 560; x_wconf 91' lang='lat' dir='ltr'>loca,</span> <span class='ocrx_word' id='word_1_39' title='bbox 1619 508 1874 562; x_wconf 77' lang='lat' dir='ltr'>quaesiturae.</span> 
     </span>
     <span class='ocr_line' id='line_1_6' title="bbox 377 561 1874 618; baseline 0.001 -13"><span class='ocrx_word' id='word_1_40' title='bbox 377 564 472 606; x_wconf 90' lang='lat' dir='ltr'>Hoc</span> <span class='ocrx_word' id='word_1_41' title='bbox 490 562 613 604; x_wconf 88' lang='lat' dir='ltr'>modo</span> <span class='ocrx_word' id='word_1_42' title='bbox 634 563 818 604; x_wconf 81' lang='lat' dir='ltr'>[acutiam</span> <span class='ocrx_word' id='word_1_43' title='bbox 846 562 972 617; x_wconf 87' lang='lat' dir='ltr'>usque</span> <span class='ocrx_word' id='word_1_44' title='bbox 1000 561 1113 616; x_wconf 75' lang='lat' dir='ltr'>spisso</span> <span class='ocrx_word' id='word_1_45' title='bbox 1130 563 1288 618; x_wconf 82' lang='lat' dir='ltr'>agmine</span> <span class='ocrx_word' id='word_1_46' title='bbox 1306 564 1519 617; x_wconf 76' lang='lat' dir='ltr'>quotannis</span> <span class='ocrx_word' id='word_1_47' title='bbox 1539 563 1726 605; x_wconf 83' lang='lat' dir='ltr'>advolare</span> <span class='ocrx_word' id='word_1_48' title='bbox 1746 564 1874 606; x_wconf 89' lang='lat' dir='ltr'>obser-</span> 
     </span>
     <span class='ocr_line' id='line_1_7' title="bbox 376 618 1875 676; baseline 0.001 -15"><span class='ocrx_word' id='word_1_49' title='bbox 376 632 544 672; x_wconf 81' lang='lat' dir='ltr'>vantur,</span> <span class='ocrx_word' id='word_1_50' title='bbox 593 619 663 659; x_wconf 82' lang='lat' dir='ltr'>vix</span> <span class='ocrx_word' id='word_1_51' title='bbox 689 630 823 660; x_wconf 91' lang='lat' dir='ltr'>autem</span> <span class='ocrx_word' id='word_1_52' title='bbox 850 618 1015 659; x_wconf 85' lang='lat' dir='ltr'>ulterius</span> <span class='ocrx_word' id='word_1_53' title='bbox 1042 631 1272 673; x_wconf 72' lang='lat' dir='ltr'>penetrant,</span> <span class='ocrx_word' id='word_1_54' title='bbox 1310 619 1443 660; x_wconf 74' lang='lat' dir='ltr'>saltem</span> <span class='ocrx_word' id='word_1_55' title='bbox 1481 619 1634 661; x_wconf 83' lang='lat' dir='ltr'>nonnifi</span> <span class='ocrx_word' id='word_1_56' title='bbox 1660 619 1807 676; x_wconf 80' lang='lat' dir='ltr'>sparsae</span> <span class='ocrx_word' id='word_1_57' title='bbox 1835 631 1875 663; x_wconf 87' lang='lat' dir='ltr'>et</span> 
     </span>
     <span class='ocr_line' id='line_1_8' title="bbox 374 673 1873 729; baseline 0 -10"><span class='ocrx_word' id='word_1_58' title='bbox 374 676 541 719; x_wconf 81' lang='lat' dir='ltr'>denariis</span> <span class='ocrx_word' id='word_1_59' title='bbox 567 674 617 716; x_wconf 81' lang='lat' dir='ltr'>ad</span> <span class='ocrx_word' id='word_1_60' title='bbox 645 673 847 716; x_wconf 90' lang='lat' dir='ltr'>summum</span> <span class='ocrx_word' id='word_1_61' title='bbox 873 675 1085 729; x_wconf 86' lang='lat' dir='ltr'>manipulis</span> <span class='ocrx_word' id='word_1_62' title='bbox 1113 674 1162 715; x_wconf 86' lang='lat' dir='ltr'>ad</span> <span class='ocrx_word' id='word_1_63' title='bbox 1189 675 1396 715; x_wconf 83' lang='lat' dir='ltr'>Olecmam</span> <span class='ocrx_word' id='word_1_64' title='bbox 1420 675 1458 716; x_wconf 92' lang='lat' dir='ltr'>fl.</span> <span class='ocrx_word' id='word_1_65' title='bbox 1494 675 1658 717; x_wconf 88' lang='lat' dir='ltr'>subinde</span> <span class='ocrx_word' id='word_1_66' title='bbox 1679 676 1873 725; x_wconf 83' lang='lat' dir='ltr'>visuntur,</span> 
     </span>
     <span class='ocr_line' id='line_1_9' title="bbox 372 730 1871 789; baseline -0.002 -14"><span class='ocrx_word' id='word_1_67' title='bbox 372 734 641 787; x_wconf 88' lang='lat' dir='ltr'>omniumque</span> <span class='ocrx_word' id='word_1_68' title='bbox 660 732 872 773; x_wconf 74' lang='lat' dir='ltr'>rarissimae</span> <span class='ocrx_word' id='word_1_69' title='bbox 892 730 1019 785; x_wconf 89' lang='lat' dir='ltr'>usque</span> <span class='ocrx_word' id='word_1_70' title='bbox 1036 730 1086 772; x_wconf 90' lang='lat' dir='ltr'>ad</span> <span class='ocrx_word' id='word_1_71' title='bbox 1096 730 1251 772; x_wconf 88' lang='lat' dir='ltr'>Witimi</span> <span class='ocrx_word' id='word_1_72' title='bbox 1270 731 1311 772; x_wconf 87' lang='lat' dir='ltr'>in</span> <span class='ocrx_word' id='word_1_73' title='bbox 1329 730 1487 775; x_wconf 89' lang='lat' dir='ltr'>Lenam</span> <span class='ocrx_word' id='word_1_74' title='bbox 1505 732 1650 775; x_wconf 85' lang='lat' dir='ltr'>ostium</span> <span class='ocrx_word' id='word_1_75' title='bbox 1664 746 1871 789; x_wconf 79' lang='lat' dir='ltr'>vagantur.</span> 
     </span>
    </p>
   </div>
   <div class='ocr_carea' id='block_1_3' title="bbox 368 841 1870 1070">
    <p class='ocr_par' dir='ltr' id='par_1_3' title="bbox 368 841 1870 1070">
     <span class='ocr_line' id='line_1_10' title="bbox 368 841 1870 899; baseline 0.001 -12"><span class='ocrx_word' id='word_1_76' title='bbox 368 894 372 896; x_wconf 65' lang='lat'>‚</span> <span class='ocrx_word' id='word_1_77' title='bbox 487 841 589 883; x_wconf 79' lang='lat' dir='ltr'>Non</span> <span class='ocrx_word' id='word_1_78' title='bbox 617 858 751 888; x_wconf 88' lang='lat' dir='ltr'>autem</span> <span class='ocrx_word' id='word_1_79' title='bbox 770 849 810 888; x_wconf 90' lang='lat' dir='ltr'>in</span> <span class='ocrx_word' id='word_1_80' title='bbox 826 846 886 888; x_wconf 90' lang='lat' dir='ltr'>his</span> <span class='ocrx_word' id='word_1_81' title='bbox 904 848 1017 888; x_wconf 85' lang='lat' dir='ltr'>terris</span> <span class='ocrx_word' id='word_1_82' title='bbox 1035 847 1265 899; x_wconf 83' lang='lat' dir='ltr'>subfistunt,</span> <span class='ocrx_word' id='word_1_83' title='bbox 1295 848 1354 889; x_wconf 87' lang='lat' dir='ltr'>uti</span> <span class='ocrx_word' id='word_1_84' title='bbox 1374 861 1423 889; x_wconf 86' lang='lat' dir='ltr'>ex</span> <span class='ocrx_word' id='word_1_85' title='bbox 1442 845 1598 888; x_wconf 78' lang='lat' dir='ltr'>diverso</span> <span class='ocrx_word' id='word_1_86' title='bbox 1616 846 1870 889; x_wconf 85' lang='lat' dir='ltr'>advenientes</span> 
     </span>
     <span class='ocr_line' id='line_1_11' title="bbox 370 894 1869 960; baseline 0.002 -18"><span class='ocrx_word' id='word_1_87' title='bbox 370 894 540 950; x_wconf 65' lang='lat' dir='ltr'>Awsel&#39;es</span> <span class='ocrx_word' id='word_1_88' title='bbox 557 899 642 953; x_wconf 73' lang='lat' dir='ltr'>feri</span> <span class='ocrx_word' id='word_1_89' title='bbox 662 903 848 958; x_wconf 78' lang='lat' dir='ltr'>vulgares</span> <span class='ocrx_word' id='word_1_90' title='bbox 869 916 908 944; x_wconf 87' lang='lat' dir='ltr'>et</span> <span class='ocrx_word' id='word_1_91' title='bbox 929 900 1229 957; x_wconf 65' lang='lat' dir='ltr'>emstlzropodes,</span> <span class='ocrx_word' id='word_1_92' title='bbox 1260 903 1324 944; x_wconf 90' lang='lat' dir='ltr'>sed</span> <span class='ocrx_word' id='word_1_93' title='bbox 1359 904 1590 945; x_wconf 83' lang='lat' dir='ltr'>continuant</span> <span class='ocrx_word' id='word_1_94' title='bbox 1614 903 1708 955; x_wconf 85' lang='lat' dir='ltr'>iter,</span> <span class='ocrx_word' id='word_1_95' title='bbox 1748 916 1869 960; x_wconf 78' lang='lat' dir='ltr'>atque</span> 
     </span>
     <span class='ocr_line' id='line_1_12' title="bbox 368 952 1869 1015; baseline 0.005 -23"><span class='ocrx_word' id='word_1_96' title='bbox 368 952 506 994; x_wconf 85' lang='lat' dir='ltr'>caloris</span> <span class='ocrx_word' id='word_1_97' title='bbox 528 955 845 1013; x_wconf 83' lang='lat' dir='ltr'>impatientiffimi</span> <span class='ocrx_word' id='word_1_98' title='bbox 859 990 868 1007; x_wconf 81' lang='lat'><strong>‚</strong></span> <span class='ocrx_word' id='word_1_99' title='bbox 903 958 1148 1001; x_wconf 82' lang='lat' dir='ltr'>adolescente</span> <span class='ocrx_word' id='word_1_100' title='bbox 1170 973 1264 999; x_wconf 88' lang='lat' dir='ltr'>vere</span> <span class='ocrx_word' id='word_1_101' title='bbox 1284 958 1333 999; x_wconf 85' lang='lat' dir='ltr'>ad</span> <span class='ocrx_word' id='word_1_102' title='bbox 1355 960 1480 1000; x_wconf 85' lang='lat' dir='ltr'>Maris</span> <span class='ocrx_word' id='word_1_103' title='bbox 1499 958 1668 1013; x_wconf 80' lang='lat' dir='ltr'>glacialis</span> <span class='ocrx_word' id='word_1_104' title='bbox 1684 959 1787 1015; x_wconf 66' lang='lat' dir='ltr'>Qif‘a&#39;s</span> <span class='ocrx_word' id='word_1_105' title='bbox 1806 973 1869 1011; x_wconf 77' lang='lat' dir='ltr'>re-</span> 
     </span>
     <span class='ocr_line' id='line_1_13' title="bbox 368 1006 1867 1070; baseline 0.007 -23"><span class='ocrx_word' id='word_1_106' title='bbox 368 1006 514 1063; x_wconf 89' lang='lat' dir='ltr'>deunt,</span> <span class='ocrx_word' id='word_1_107' title='bbox 553 1014 673 1067; x_wconf 81' lang='lat' dir='ltr'>pullis</span> <span class='ocrx_word' id='word_1_108' title='bbox 700 1015 914 1056; x_wconf 85' lang='lat' dir='ltr'>educandis</span> <span class='ocrx_word' id='word_1_109' title='bbox 942 1014 994 1056; x_wconf 88' lang='lat' dir='ltr'>ibi</span> <span class='ocrx_word' id='word_1_110' title='bbox 1023 1028 1189 1070; x_wconf 84' lang='lat' dir='ltr'>operam</span> <span class='ocrx_word' id='word_1_111' title='bbox 1219 1014 1393 1055; x_wconf 81' lang='lat' dir='ltr'>daturae.</span> <span class='ocrx_word' id='word_1_112' title='bbox 1462 1013 1705 1055; x_wconf 73' lang='lat' dir='ltr'>Notandum</span> <span class='ocrx_word' id='word_1_113' title='bbox 1734 1014 1867 1062; x_wconf 60' lang='lat' dir='ltr'>autem</span> 
     </span>
    </p>
   </div>
   <div class='ocr_carea' id='block_1_4' title="bbox 367 1066 1866 1174">
    <p class='ocr_par' dir='ltr' id='par_1_4' title="bbox 367 1066 1866 1174">
     <span class='ocr_line' id='line_1_14' title="bbox 368 1066 1866 1121; baseline 0.005 -17"><span class='ocrx_word' id='word_1_114' title='bbox 368 1076 430 1103; x_wconf 80' lang='lat' dir='ltr'>eas</span> <span class='ocrx_word' id='word_1_115' title='bbox 452 1077 548 1106; x_wconf 92' lang='lat' dir='ltr'>tunc</span> <span class='ocrx_word' id='word_1_116' title='bbox 568 1078 648 1119; x_wconf 75' lang='lat' dir='ltr'>non</span> <span class='ocrx_word' id='word_1_117' title='bbox 661 1070 812 1115; x_wconf 71' lang='lat' dir='ltr'>eadem,</span> <span class='ocrx_word' id='word_1_118' title='bbox 841 1085 920 1121; x_wconf 81' lang='lat' dir='ltr'>qna</span> <span class='ocrx_word' id='word_1_119' title='bbox 939 1070 1193 1121; x_wconf 83' lang='lat' dir='ltr'>advenerant,</span> <span class='ocrx_word' id='word_1_120' title='bbox 1224 1071 1286 1110; x_wconf 82' lang='lat' dir='ltr'>via</span> <span class='ocrx_word' id='word_1_121' title='bbox 1304 1069 1469 1121; x_wconf 71' lang='lat' dir='ltr'>redire,</span> <span class='ocrx_word' id='word_1_122' title='bbox 1485 1068 1560 1117; x_wconf 83' lang='lat' dir='ltr'>sed,</span> <span class='ocrx_word' id='word_1_123' title='bbox 1579 1069 1660 1109; x_wconf 90' lang='lat' dir='ltr'>&#39;ubi</span> <span class='ocrx_word' id='word_1_124' title='bbox 1681 1066 1866 1112; x_wconf 72' lang='lat' dir='ltr'>lacutiain</span> 
     </span>
     <span class='ocr_line' id='line_1_15' title="bbox 367 1121 1865 1174; baseline 0.006 -15"><span class='ocrx_word' id='word_1_125' title='bbox 367 1132 662 1174; x_wconf 80' lang='lat' dir='ltr'>pervenerunt,</span> <span class='ocrx_word' id='word_1_126' title='bbox 694 1121 904 1163; x_wconf 59' lang='lat' dir='ltr'>defleffiere</span> <span class='ocrx_word' id='word_1_127' title='bbox 922 1122 996 1162; x_wconf 87' lang='lat' dir='ltr'>iter</span> <span class='ocrx_word' id='word_1_128' title='bbox 1019 1127 1121 1168; x_wconf 80' lang='lat' dir='ltr'>etad</span> <span class='ocrx_word' id='word_1_129' title='bbox 1141 1124 1612 1163; x_wconf 78' lang='lat' dir='ltr'>oriente111succedenter</span> <span class='ocrx_word' id='word_1_130' title='bbox 1644 1124 1865 1167; x_wconf 72' lang='lat' dir='ltr'>lacus&#39;ve1²-</span> 
     </span>
    </p>
   </div>
   <div class='ocr_carea' id='block_1_5' title="bbox 367 1174 1865 1291">
    <p class='ocr_par' dir='ltr' id='par_1_5' title="bbox 367 1174 1865 1291">
     <span class='ocr_line' id='line_1_16' title="bbox 368 1174 1865 1233; baseline 0.005 -18"><span class='ocrx_word' id='word_1_131' title='bbox 368 1174 430 1216; x_wconf 83' lang='lat' dir='ltr'>sus</span> <span class='ocrx_word' id='word_1_132' title='bbox 464 1178 593 1219; x_wconf 83' lang='lat' dir='ltr'>lanam</span> <span class='ocrx_word' id='word_1_133' title='bbox 622 1192 661 1219; x_wconf 89' lang='lat' dir='ltr'>et</span> <span class='ocrx_word' id='word_1_134' title='bbox 680 1178 923 1233; x_wconf 59' lang='lat' dir='ltr'>lndigirlzam</span> <span class='ocrx_word' id='word_1_135' title='bbox 949 1178 1106 1232; x_wconf 78' lang='lat' dir='ltr'>legere,</span> <span class='ocrx_word' id='word_1_136' title='bbox 1142 1189 1262 1231; x_wconf 84' lang='lat' dir='ltr'>atque</span> <span class='ocrx_word' id='word_1_137' title='bbox 1293 1176 1341 1218; x_wconf 81' lang='lat' dir='ltr'>fic</span> <span class='ocrx_word' id='word_1_138' title='bbox 1370 1177 1549 1231; x_wconf 78' lang='lat' dir='ltr'>glaciales</span> <span class='ocrx_word' id='word_1_139' title='bbox 1570 1179 1718 1221; x_wconf 86' lang='lat' dir='ltr'>Oceani</span> <span class='ocrx_word' id='word_1_140' title='bbox 1743 1182 1865 1225; x_wconf 59' lang='lat' dir='ltr'>aretoi</span> 
     </span>
     <span class='ocr_line' id='line_1_17' title="bbox 367 1231 1864 1291; baseline 0.005 -20"><span class='ocrx_word' id='word_1_141' title='bbox 367 1231 522 1287; x_wconf 75' lang='lat' dir='ltr'>plagas,</span> <span class='ocrx_word' id='word_1_142' title='bbox 554 1236 850 1289; x_wconf 83' lang='lat' dir='ltr'>quibusnatura</span> <span class='ocrx_word' id='word_1_143' title='bbox 868 1247 1006 1275; x_wconf 87' lang='lat' dir='ltr'>earum</span> <span class='ocrx_word' id='word_1_144' title='bbox 1024 1233 1188 1274; x_wconf 87' lang='lat' dir='ltr'>minime</span> <span class='ocrx_word' id='word_1_145' title='bbox 1199 1246 1330 1274; x_wconf 82' lang='lat' dir='ltr'>carere</span> <span class='ocrx_word' id='word_1_146' title='bbox 1341 1232 1448 1287; x_wconf 82' lang='lat' dir='ltr'>poffe</span> <span class='ocrx_word' id='word_1_147' title='bbox 1468 1233 1639 1283; x_wconf 81' lang='lat' dir='ltr'>videtur,</span> <span class='ocrx_word' id='word_1_148' title='bbox 1669 1250 1864 1291; x_wconf 77' lang='lat' dir='ltr'>repetere.</span> 
     </span>
    </p>
   </div>
   <div class='ocr_carea' id='block_1_6' title="bbox 350 1343 1863 2127">
    <p class='ocr_par' dir='ltr' id='par_1_6' title="bbox 350 1343 1863 2127">
     <span class='ocr_line' id='line_1_18' title="bbox 499 1343 1862 1403; baseline 0.004 -17"><span class='ocrx_word' id='word_1_149' title='bbox 499 1345 707 1403; x_wconf 70' lang='lat' dir='ltr'>Qiorsum</span> <span class='ocrx_word' id='word_1_150' title='bbox 729 1358 828 1388; x_wconf 82' lang='lat' dir='ltr'>vero</span> <span class='ocrx_word' id='word_1_151' title='bbox 849 1343 1021 1401; x_wconf 77' lang='lat' dir='ltr'>hyemali</span> <span class='ocrx_word' id='word_1_152' title='bbox 1040 1344 1184 1388; x_wconf 85' lang='lat' dir='ltr'>dehinc</span> <span class='ocrx_word' id='word_1_153' title='bbox 1204 1357 1387 1401; x_wconf 79' lang='lat' dir='ltr'>tempore</span> <span class='ocrx_word' id='word_1_154' title='bbox 1405 1343 1567 1400; x_wconf 86' lang='lat' dir='ltr'>abeant,</span> <span class='ocrx_word' id='word_1_155' title='bbox 1599 1358 1638 1388; x_wconf 84' lang='lat' dir='ltr'>et</span> <span class='ocrx_word' id='word_1_156' title='bbox 1663 1347 1770 1390; x_wconf 87' lang='lat' dir='ltr'>unde</span> <span class='ocrx_word' id='word_1_157' title='bbox 1792 1363 1862 1392; x_wconf 84' lang='lat' dir='ltr'>ve-</span> 
     </span>
     <span class='ocr_line' id='line_1_19' title="bbox 367 1401 1863 1454; baseline 0.002 -10"><span class='ocrx_word' id='word_1_158' title='bbox 367 1404 475 1444; x_wconf 87' lang='lat' dir='ltr'>niant</span> <span class='ocrx_word' id='word_1_159' title='bbox 492 1416 619 1443; x_wconf 88' lang='lat' dir='ltr'>verno</span> <span class='ocrx_word' id='word_1_160' title='bbox 632 1437 641 1454; x_wconf 91' lang='lat'>,</span> <span class='ocrx_word' id='word_1_161' title='bbox 673 1403 739 1442; x_wconf 76' lang='lat' dir='ltr'>vix</span> <span class='ocrx_word' id='word_1_162' title='bbox 759 1401 878 1444; x_wconf 85' lang='lat' dir='ltr'>dubia</span> <span class='ocrx_word' id='word_1_163' title='bbox 898 1416 960 1443; x_wconf 87' lang='lat' dir='ltr'>res</span> <span class='ocrx_word' id='word_1_164' title='bbox 982 1402 1194 1451; x_wconf 79' lang='lat' dir='ltr'>videbitur,</span> <span class='ocrx_word' id='word_1_165' title='bbox 1219 1402 1245 1443; x_wconf 81' lang='lat' dir='ltr'>ii</span> <span class='ocrx_word' id='word_1_166' title='bbox 1265 1401 1454 1442; x_wconf 85' lang='lat' dir='ltr'>addidero</span> <span class='ocrx_word' id='word_1_167' title='bbox 1475 1402 1639 1443; x_wconf 88' lang='lat' dir='ltr'>eandem</span> <span class='ocrx_word' id='word_1_168' title='bbox 1664 1402 1774 1446; x_wconf 77' lang='lat' dir='ltr'>viam</span> <span class='ocrx_word' id='word_1_169' title='bbox 1788 1403 1863 1448; x_wconf 83' lang='lat' dir='ltr'>cir-</span> 
     </span>
     <span class='ocr_line' id='line_1_20' title="bbox 367 1456 1860 1514; baseline 0.001 -13"><span class='ocrx_word' id='word_1_170' title='bbox 367 1473 410 1501; x_wconf 85' lang='lat' dir='ltr'>ca</span> <span class='ocrx_word' id='word_1_171' title='bbox 429 1457 533 1498; x_wconf 87' lang='lat' dir='ltr'>idem</span> <span class='ocrx_word' id='word_1_172' title='bbox 559 1456 643 1500; x_wconf 81' lang='lat' dir='ltr'>fere</span> <span class='ocrx_word' id='word_1_173' title='bbox 671 1472 829 1512; x_wconf 84' lang='lat' dir='ltr'>tempus</span> <span class='ocrx_word' id='word_1_174' title='bbox 861 1458 969 1513; x_wconf 88' lang='lat' dir='ltr'>sequi</span> <span class='ocrx_word' id='word_1_175' title='bbox 996 1457 1179 1513; x_wconf 59' lang='lat' dir='ltr'>Australi</span> <span class='ocrx_word' id='word_1_176' title='bbox 1207 1457 1425 1499; x_wconf 84' lang='lat' dir='ltr'>Berniclam</span> <span class='ocrx_word' id='word_1_177' title='bbox 1453 1457 1626 1510; x_wconf 58' lang='lat' dir='ltr'>dietum,</span> <span class='ocrx_word' id='word_1_178' title='bbox 1657 1473 1779 1514; x_wconf 87' lang='lat' dir='ltr'>quem</span> <span class='ocrx_word' id='word_1_179' title='bbox 1820 1464 1860 1504; x_wconf 89' lang='lat' dir='ltr'>in</span> 
     </span>
     <span class='ocr_line' id='line_1_21' title="bbox 364 1513 1860 1568; baseline 0.002 -12"><span class='ocrx_word' id='word_1_180' title='bbox 364 1515 477 1556; x_wconf 82' lang='lat' dir='ltr'>vastis</span> <span class='ocrx_word' id='word_1_181' title='bbox 498 1514 711 1568; x_wconf 85' lang='lat' dir='ltr'>paludibus</span> <span class='ocrx_word' id='word_1_182' title='bbox 736 1527 775 1555; x_wconf 88' lang='lat' dir='ltr'>et</span> <span class='ocrx_word' id='word_1_183' title='bbox 793 1515 958 1556; x_wconf 86' lang='lat' dir='ltr'>lacubus</span> <span class='ocrx_word' id='word_1_184' title='bbox 979 1514 1146 1556; x_wconf 89' lang='lat' dir='ltr'>borealis</span> <span class='ocrx_word' id='word_1_185' title='bbox 1168 1516 1390 1566; x_wconf 79' lang='lat' dir='ltr'>Americae,</span> <span class='ocrx_word' id='word_1_186' title='bbox 1419 1513 1469 1555; x_wconf 83' lang='lat' dir='ltr'>ab</span> <span class='ocrx_word' id='word_1_187' title='bbox 1489 1514 1693 1556; x_wconf 84' lang='lat' dir='ltr'>Hudsonis</span> <span class='ocrx_word' id='word_1_188' title='bbox 1715 1529 1753 1558; x_wconf 90' lang='lat' dir='ltr'>et</span> <span class='ocrx_word' id='word_1_189' title='bbox 1770 1516 1860 1559; x_wconf 74' lang='lat' dir='ltr'>Baf-</span> 
     </span>
     <span class='ocr_line' id='line_1_22' title="bbox 365 1568 1858 1626; baseline 0.002 -14"><span class='ocrx_word' id='word_1_190' title='bbox 365 1571 431 1612; x_wconf 84' lang='lat' dir='ltr'>fini</span> <span class='ocrx_word' id='word_1_191' title='bbox 460 1570 541 1611; x_wconf 82' lang='lat' dir='ltr'>[inu</span> <span class='ocrx_word' id='word_1_192' title='bbox 569 1570 617 1611; x_wconf 88' lang='lat' dir='ltr'>ad</span> <span class='ocrx_word' id='word_1_193' title='bbox 657 1568 901 1612; x_wconf 71' lang='lat' dir='ltr'>californiam</span> <span class='ocrx_word' id='word_1_194' title='bbox 926 1571 1092 1613; x_wconf 79' lang='lat' dir='ltr'>extensis</span> <span class='ocrx_word' id='word_1_195' title='bbox 1119 1571 1344 1626; x_wconf 79' lang='lat' dir='ltr'>hybernare</span> <span class='ocrx_word' id='word_1_196' title='bbox 1370 1570 1576 1619; x_wconf 85' lang='lat' dir='ltr'>novimus,</span> <span class='ocrx_word' id='word_1_197' title='bbox 1606 1585 1709 1626; x_wconf 82' lang='lat' dir='ltr'>quae</span> <span class='ocrx_word' id='word_1_198' title='bbox 1727 1584 1858 1617; x_wconf 86' lang='lat' dir='ltr'>tamen</span> 
     </span>
     <span class='ocr_line' id='line_1_23' title="bbox 364 1626 1859 1682; baseline 0.001 -13"><span class='ocrx_word' id='word_1_199' title='bbox 364 1626 556 1669; x_wconf 84' lang='lat' dir='ltr'>calidioris</span> <span class='ocrx_word' id='word_1_200' title='bbox 575 1627 671 1668; x_wconf 88' lang='lat' dir='ltr'>coeli</span> <span class='ocrx_word' id='word_1_201' title='bbox 692 1627 812 1682; x_wconf 91' lang='lat' dir='ltr'>paulo</span> <span class='ocrx_word' id='word_1_202' title='bbox 835 1629 966 1669; x_wconf 89' lang='lat' dir='ltr'>minus</span> <span class='ocrx_word' id='word_1_203' title='bbox 994 1628 1167 1676; x_wconf 83' lang='lat' dir='ltr'>inimica,</span> <span class='ocrx_word' id='word_1_204' title='bbox 1206 1639 1288 1668; x_wconf 90' lang='lat' dir='ltr'>non</span> <span class='ocrx_word' id='word_1_205' title='bbox 1317 1638 1472 1667; x_wconf 87' lang='lat' dir='ltr'>tantum</span> <span class='ocrx_word' id='word_1_206' title='bbox 1500 1626 1681 1668; x_wconf 86' lang='lat' dir='ltr'>Sibiriam</span> <span class='ocrx_word' id='word_1_207' title='bbox 1705 1627 1754 1669; x_wconf 82' lang='lat' dir='ltr'>ad</span> <span class='ocrx_word' id='word_1_208' title='bbox 1783 1630 1859 1673; x_wconf 92' lang='lat' dir='ltr'>Oc-</span> 
     </span>
     <span class='ocr_line' id='line_1_24' title="bbox 364 1681 1858 1742; baseline 0.001 -17"><span class='ocrx_word' id='word_1_209' title='bbox 364 1682 560 1725; x_wconf 85' lang='lat' dir='ltr'>cidentem</span> <span class='ocrx_word' id='word_1_210' title='bbox 579 1683 790 1725; x_wconf 82' lang='lat' dir='ltr'>Americae</span> <span class='ocrx_word' id='word_1_211' title='bbox 819 1685 948 1732; x_wconf 80' lang='lat' dir='ltr'>fitam,</span> <span class='ocrx_word' id='word_1_212' title='bbox 977 1683 1042 1725; x_wconf 92' lang='lat' dir='ltr'>sed</span> <span class='ocrx_word' id='word_1_213' title='bbox 1061 1697 1100 1726; x_wconf 87' lang='lat' dir='ltr'>et</span> <span class='ocrx_word' id='word_1_214' title='bbox 1127 1684 1334 1725; x_wconf 88' lang='lat' dir='ltr'>Orientem</span> <span class='ocrx_word' id='word_1_215' title='bbox 1358 1681 1494 1723; x_wconf 86' lang='lat' dir='ltr'>versus</span> <span class='ocrx_word' id='word_1_216' title='bbox 1522 1682 1729 1738; x_wconf 86' lang='lat' dir='ltr'>Europam</span> <span class='ocrx_word' id='word_1_217' title='bbox 1772 1685 1858 1742; x_wconf 84' lang='lat' dir='ltr'>sep-</span> 
     </span>
     <span class='ocr_line' id='line_1_25' title="bbox 365 1737 1858 1796; baseline 0.001 -14"><span class='ocrx_word' id='word_1_218' title='bbox 365 1740 636 1782; x_wconf 75' lang='lat' dir='ltr'>tentrionalem</span> <span class='ocrx_word' id='word_1_219' title='bbox 656 1739 802 1787; x_wconf 77' lang='lat' dir='ltr'>invifit,</span> <span class='ocrx_word' id='word_1_220' title='bbox 832 1753 870 1782; x_wconf 83' lang='lat' dir='ltr'>et</span> <span class='ocrx_word' id='word_1_221' title='bbox 888 1741 925 1781; x_wconf 91' lang='lat' dir='ltr'>in</span> <span class='ocrx_word' id='word_1_222' title='bbox 945 1740 1072 1782; x_wconf 86' lang='lat' dir='ltr'>Scotia</span> <span class='ocrx_word' id='word_1_223' title='bbox 1090 1738 1440 1793; x_wconf 83' lang='lat' dir='ltr'>adjacentibusque</span> <span class='ocrx_word' id='word_1_224' title='bbox 1458 1737 1589 1780; x_wconf 88' lang='lat' dir='ltr'>insulis</span> <span class='ocrx_word' id='word_1_225' title='bbox 1610 1739 1748 1781; x_wconf 85' lang='lat' dir='ltr'>crebra</span> <span class='ocrx_word' id='word_1_226' title='bbox 1766 1755 1858 1796; x_wconf 85' lang='lat' dir='ltr'>pro-</span> 
     </span>
     <span class='ocr_line' id='line_1_26' title="bbox 364 1793 1853 1852; baseline 0.002 -16"><span class='ocrx_word' id='word_1_227' title='bbox 364 1796 442 1837; x_wconf 84' lang='lat' dir='ltr'>lem</span> <span class='ocrx_word' id='word_1_228' title='bbox 467 1795 620 1837; x_wconf 82' lang='lat' dir='ltr'>educat.</span> <span class='ocrx_word' id='word_1_229' title='bbox 681 1796 747 1837; x_wconf 86' lang='lat' dir='ltr'>Sin</span> <span class='ocrx_word' id='word_1_230' title='bbox 768 1796 925 1838; x_wconf 71' lang='lat' dir='ltr'>cauffim</span> <span class='ocrx_word' id='word_1_231' title='bbox 945 1810 1069 1852; x_wconf 86' lang='lat' dir='ltr'>porro</span> <span class='ocrx_word' id='word_1_232' title='bbox 1088 1808 1252 1851; x_wconf 79' lang='lat' dir='ltr'>quaeras</span> <span class='ocrx_word' id='word_1_233' title='bbox 1275 1805 1398 1850; x_wconf 77' lang='lat' dir='ltr'>quare</span> <span class='ocrx_word' id='word_1_234' title='bbox 1423 1794 1474 1834; x_wconf 90' lang='lat' dir='ltr'>A.</span> <span class='ocrx_word' id='word_1_235' title='bbox 1495 1793 1760 1848; x_wconf 58' lang='lat' dir='ltr'>hyper-boreus</span> <span class='ocrx_word' id='word_1_236' title='bbox 1785 1799 1853 1839; x_wconf 83' lang='lat' dir='ltr'>vix</span> 
     </span>
     <span class='ocr_line' id='line_1_27' title="bbox 366 1850 1853 1907; baseline 0 -14"><span class='ocrx_word' id='word_1_237' title='bbox 366 1852 501 1893; x_wconf 62' lang='lat' dir='ltr'>exafiia</span> <span class='ocrx_word' id='word_1_238' title='bbox 522 1853 668 1907; x_wconf 71' lang='lat' dir='ltr'>hyeme</span> <span class='ocrx_word' id='word_1_239' title='bbox 687 1853 727 1892; x_wconf 89' lang='lat' dir='ltr'>in</span> <span class='ocrx_word' id='word_1_240' title='bbox 749 1852 928 1893; x_wconf 86' lang='lat' dir='ltr'>Sibiriam</span> <span class='ocrx_word' id='word_1_241' title='bbox 948 1853 1177 1894; x_wconf 79' lang='lat' dir='ltr'>orientalem</span> <span class='ocrx_word' id='word_1_242' title='bbox 1195 1853 1268 1892; x_wconf 89' lang='lat' dir='ltr'>iter</span> <span class='ocrx_word' id='word_1_243' title='bbox 1288 1850 1452 1904; x_wconf 78' lang='lat' dir='ltr'>dirigat,</span> <span class='ocrx_word' id='word_1_244' title='bbox 1487 1862 1622 1905; x_wconf 87' lang='lat' dir='ltr'>neque</span> <span class='ocrx_word' id='word_1_245' title='bbox 1642 1853 1679 1891; x_wconf 93' lang='lat' dir='ltr'>in</span> <span class='ocrx_word' id='word_1_246' title='bbox 1697 1853 1853 1893; x_wconf 82' lang='lat' dir='ltr'>Ameri-</span> 
     </span>
     <span class='ocr_line' id='line_1_28' title="bbox 365 1906 1853 1963; baseline 0.001 -13"><span class='ocrx_word' id='word_1_247' title='bbox 365 1922 426 1959; x_wconf 84' lang='lat' dir='ltr'>ca,</span> <span class='ocrx_word' id='word_1_248' title='bbox 457 1908 526 1949; x_wconf 88' lang='lat' dir='ltr'>ubi</span> <span class='ocrx_word' id='word_1_249' title='bbox 546 1922 619 1963; x_wconf 83' lang='lat' dir='ltr'>per</span> <span class='ocrx_word' id='word_1_250' title='bbox 636 1908 810 1963; x_wconf 86' lang='lat' dir='ltr'>hyemen</span> <span class='ocrx_word' id='word_1_251' title='bbox 832 1909 951 1950; x_wconf 84' lang='lat' dir='ltr'>vitam</span> <span class='ocrx_word' id='word_1_252' title='bbox 973 1906 1212 1959; x_wconf 85' lang='lat' dir='ltr'>sustentavit,</span> <span class='ocrx_word' id='word_1_253' title='bbox 1251 1917 1468 1948; x_wconf 87' lang='lat' dir='ltr'>remaneat:</span> <span class='ocrx_word' id='word_1_254' title='bbox 1505 1918 1548 1946; x_wconf 85' lang='lat' dir='ltr'>ea</span> <span class='ocrx_word' id='word_1_255' title='bbox 1573 1908 1786 1962; x_wconf 86' lang='lat' dir='ltr'>praecipue</span> <span class='ocrx_word' id='word_1_256' title='bbox 1812 1910 1853 1951; x_wconf 85' lang='lat' dir='ltr'>in</span> 
     </span>
     <span class='ocr_line' id='line_1_29' title="bbox 350 1962 1852 2021; baseline -0.001 -15"><span class='ocrx_word' id='word_1_257' title='bbox 350 1966 544 2006; x_wconf 57' lang='lat' dir='ltr'>&#39;Naturae</span> <span class='ocrx_word' id='word_1_258' title='bbox 564 1964 924 2020; x_wconf 82' lang='lat' dir='ltr'>quodaminstituto</span> <span class='ocrx_word' id='word_1_259' title='bbox 943 1964 1127 2021; x_wconf 84' lang='lat' dir='ltr'>ponenda</span> <span class='ocrx_word' id='word_1_260' title='bbox 1136 1965 1218 2005; x_wconf 85' lang='lat' dir='ltr'>erit.</span> <span class='ocrx_word' id='word_1_261' title='bbox 1275 1962 1483 2008; x_wconf 68' lang='lat' dir='ltr'>Vixenim</span> <span class='ocrx_word' id='word_1_262' title='bbox 1501 1962 1688 2003; x_wconf 85' lang='lat' dir='ltr'>credibile</span> <span class='ocrx_word' id='word_1_263' title='bbox 1699 1963 1753 2004; x_wconf 84' lang='lat' dir='ltr'>est</span> <span class='ocrx_word' id='word_1_264' title='bbox 1768 1977 1852 2004; x_wconf 87' lang='lat' dir='ltr'>ean-</span> 
     </span>
     <span class='ocr_line' id='line_1_30' title="bbox 365 2017 1850 2076; baseline 0 -15"><span class='ocrx_word' id='word_1_265' title='bbox 365 2019 456 2061; x_wconf 80' lang='lat' dir='ltr'>dem</span> <span class='ocrx_word' id='word_1_266' title='bbox 475 2021 611 2076; x_wconf 82' lang='lat' dir='ltr'>pabuli</span> <span class='ocrx_word' id='word_1_267' title='bbox 630 2019 788 2062; x_wconf 62' lang='lat' dir='ltr'>defeRu</span> <span class='ocrx_word' id='word_1_268' title='bbox 811 2033 861 2061; x_wconf 81' lang='lat' dir='ltr'>ex</span> <span class='ocrx_word' id='word_1_269' title='bbox 887 2022 1074 2062; x_wconf 83' lang='lat' dir='ltr'>America</span> <span class='ocrx_word' id='word_1_270' title='bbox 1102 2020 1212 2076; x_wconf 86' lang='lat' dir='ltr'>pelli,</span> <span class='ocrx_word' id='word_1_271' title='bbox 1253 2030 1292 2060; x_wconf 87' lang='lat' dir='ltr'>et</span> <span class='ocrx_word' id='word_1_272' title='bbox 1310 2018 1335 2059; x_wconf 88' lang='lat' dir='ltr'>si</span> <span class='ocrx_word' id='word_1_273' title='bbox 1365 2017 1471 2060; x_wconf 89' lang='lat' dir='ltr'>forte</span> <span class='ocrx_word' id='word_1_274' title='bbox 1496 2017 1661 2073; x_wconf 85' lang='lat' dir='ltr'>paludes</span> <span class='ocrx_word' id='word_1_275' title='bbox 1697 2018 1850 2074; x_wconf 49' lang='lat' dir='ltr'>septen-2</span> 
     </span>
     <span class='ocr_line' id='line_1_31' title="bbox 364 2074 1852 2127; baseline -0.001 -9"><span class='ocrx_word' id='word_1_276' title='bbox 364 2077 598 2119; x_wconf 75' lang='lat' dir='ltr'>trionalioris</span> <span class='ocrx_word' id='word_1_277' title='bbox 628 2077 810 2119; x_wconf 82' lang='lat' dir='ltr'>Canadae</span> <span class='ocrx_word' id='word_1_278' title='bbox 833 2078 970 2119; x_wconf 86' lang='lat' dir='ltr'>aestate</span> <span class='ocrx_word' id='word_1_279' title='bbox 997 2075 1178 2118; x_wconf 71' lang='lat' dir='ltr'>exfieeari</span> <span class='ocrx_word' id='word_1_280' title='bbox 1196 2074 1406 2127; x_wconf 81' lang='lat' dir='ltr'>concedas,</span> <span class='ocrx_word' id='word_1_281' title='bbox 1435 2085 1517 2116; x_wconf 90' lang='lat' dir='ltr'>non</span> <span class='ocrx_word' id='word_1_282' title='bbox 1535 2086 1664 2115; x_wconf 84' lang='lat' dir='ltr'>tamen</span> <span class='ocrx_word' id='word_1_283' title='bbox 1681 2076 1852 2118; x_wconf 87' lang='lat' dir='ltr'>invenie-</span> 
     </span>
    </p>
   </div>
   <div class='ocr_carea' id='block_1_7' title="bbox 364 2130 1849 2231">
    <p class='ocr_par' dir='ltr' id='par_1_7' title="bbox 364 2130 1849 2231">
     <span class='ocr_line' id='line_1_32' title="bbox 364 2130 1848 2192; baseline -0.002 -16"><span class='ocrx_word' id='word_1_284' title='bbox 364 2145 430 2176; x_wconf 85' lang='lat' dir='ltr'>tur</span> <span class='ocrx_word' id='word_1_285' title='bbox 457 2133 586 2187; x_wconf 72' lang='lat' dir='ltr'>causa,</span> <span class='ocrx_word' id='word_1_286' title='bbox 623 2147 725 2189; x_wconf 82' lang='lat' dir='ltr'>quae</span> <span class='ocrx_word' id='word_1_287' title='bbox 751 2135 883 2190; x_wconf 88' lang='lat' dir='ltr'>primo</span> <span class='ocrx_word' id='word_1_288' title='bbox 910 2135 1035 2177; x_wconf 85' lang='lat' dir='ltr'>statim</span> <span class='ocrx_word' id='word_1_289' title='bbox 1051 2146 1150 2192; x_wconf 76' lang='lat' dir='ltr'>yere</span> <span class='ocrx_word' id='word_1_290' title='bbox 1167 2132 1339 2176; x_wconf 80' lang='lat' dir='ltr'>Anseres</span> <span class='ocrx_word' id='word_1_291' title='bbox 1354 2131 1506 2173; x_wconf 83' lang='lat' dir='ltr'>nostros</span> <span class='ocrx_word' id='word_1_292' title='bbox 1524 2130 1573 2172; x_wconf 88' lang='lat' dir='ltr'>ad</span> <span class='ocrx_word' id='word_1_293' title='bbox 1589 2131 1848 2186; x_wconf 81' lang='lat' dir='ltr'>migrandum</span> 
     </span>
     <span class='ocr_line' id='line_1_33' title="bbox 1286 2201 1849 2231; baseline -0.007 1"><span class='ocrx_word' id='word_1_294' title='bbox 1286 2208 1291 2212; x_wconf 95' lang='lat'><em>·</em></span> <span class='ocrx_word' id='word_1_295' title='bbox 1742 2201 1849 2231; x_wconf 85' lang='lat' dir='ltr'>com-</span> 
     </span>
    </p>
   </div>
  </div>
 </body>
</html>
