1998 2701
478 207 638 266 ’⁴2⁵0ss
755 208 968 266 (23)
1086 159 1247 265 effla

111 315 238 360 testae
254 330 431 360 omnem
448 317 673 360 cavitatem
700 316 858 376 explet.
931 315 1158 360 Foramina
1184 328 1326 360 autem
1352 314 1399 360 <Sc
1421 314 1614 362 defectus

110 375 299 430 ejusdem
317 374 449 419 solum
473 387 599 419 extus
611 378 890 433 perieranium
911 372 1049 419 firmat
1067 374 1113 419 dc
1139 375 1333 419 occludit.

228 491 403 551 Operae
418 491 599 551 pretium
618 489 698 535 esse
712 491 816 535 duxi
833 490 1074 546 hujusmodi
1092 493 1298 541 cranium,
1327 491 1449 551 quale
1463 492 1505 535 in
1518 493 1615 536 Gal-

112 547 209 590 linis
223 548 275 593 fic
298 547 421 594 dictis
438 552 675 599 Patavinis,
707 551 900 593 maximo
925 551 1160 610 plumarum
1187 550 1378 608 glomere
1397 551 1439 593 in
1454 553 1613 595 vertice

113 609 283 658 ornatis,
315 609 446 668 vulgo
460 607 669 651 observari
685 608 806 658 solet,
836 611 959 653 icone
978 609 1185 658 illustrare,
1213 608 1396 669 ideoque
1412 610 1614 666 Figuram

98 664 324 722 secundam
341 668 385 710 in
422 667 612 709 TABU
615 667 697 709 LA
715 669 788 710 III.
819 665 940 721 huJ'us
957 669 1148 725 Fcfiicztli
1164 667 1378 725 adponere
1391 666 1488 720 juffi.
1516 669 1612 712 Cra-

114 724 230 767 m'um
249 725 317 768 illa
336 725 620 768 maceratione
638 740 662 768 a
679 724 871 769 carnibus
888 731 1023 785 atque:
1032 725 1299 770 mandibulae
1316 724 1469 769 offibus
1502 725 1610 785 sepa-

113 793 249 825 ratum
268 784 489 841 exprimit,
519 787 631 836 cujus
654 785 733 826 olla
755 785 798 825 in
817 785 975 827 vertice
1004 783 1364 842 praeternaturalis
1381 799 1457 842 per
1473 784 1553 827 litt.
1572 800 1612 831 a.

105 841 303 895 proccffits
346 840 477 882 rostro
520 838 729 883 firmando
771 840 960 884 destinati
1001 844 1080 884 litt.
1112 842 1156 891 b,
1194 843 1346 897 occiput
1392 843 1471 884 litt.
1503 857 1533 892 c,
1564 842 1611 886 ἀ

111 900 255 940 carina
286 896 431 941 orbitis
460 895 677 952 interjecta
706 914 781 956 per
813 899 893 941 litt.
924 902 961 942 cl.
993 898 1258 942 denotantur.
1315 898 1520 943 Notabile
1539 900 1610 950 est,

112 954 159 997 ἀ
192 956 246 999 ad
291 954 622 999 confirmandam
648 972 790 1000 meam
825 959 1074 1016 opinionem
1107 957 1226 1007 facit,
1272 956 1389 1017 quod
1424 958 1613 1002 Gallinae

113 1029 288 1063 omnes,
330 1013 461 1058 hacce
508 1016 635 1058 cranii
679 1017 1017 1074 praeternaturali
1066 1015 1407 1059 conformatione
1438 1017 1610 1061 vitiatae

112 1072 298 1130 stupidae
330 1072 441 1132 quasi
478 1073 522 1116 ἀ
554 1075 721 1132 ineptae
757 1072 837 1117 esse
873 1075 1221 1129 videantur-‚nec
1260 1074 1497 1134 longaevae
1520 1075 1610 1126 smt‚

114 1146 351 1190 omnesque
370 1147 446 1189 per
469 1132 742 1175 domesticam
765 1134 898 1175 vitam
927 1132 1192 1193 summopere
1217 1145 1437 1193 corruptae
1464 1134 1607 1179 consti-

115 1190 288 1233 tutionis
305 1202 427 1233 notas
442 1205 542 1249 prae
558 1188 598 1234 se
614 1189 723 1235 ferre
740 1189 910 1236 soleant.
