1998 2701
520 233 681 292 ἒῆᾱέ
798 233 1013 291 (13)
1129 230 1289 288 ’2²³⁵sz22²

277 345 393 390 Inter
414 342 560 388 lobum
584 341 629 386 &
652 357 701 385 os
726 341 867 385 media
891 339 1079 384 distantia
1102 339 1298 400 utrinque
1319 353 1492 384 verruca
1514 336 1584 383 seu
1597 348 1659 384 tu-

161 405 378 452 berculum
394 404 564 451 durum,
593 415 840 445 convexum
856 400 987 443 rostro
1003 397 1163 442 insidet.

280 490 424 536 Pedes,
454 498 500 529 ut
525 486 568 528 in
592 485 713 544 Apro
736 482 940 533 nostrate,
981 482 1052 527 sed
1075 479 1305 527 breviores.
1385 481 1575 538 vngulae
1599 480 1661 524 ni·

160 562 274 607 grae,
283 546 502 605 primariae
520 556 664 587 acutae
674 560 684 592 ;
693 545 859 600 spuriae
868 544 985 602 apice
996 541 1082 585 solo
1093 540 1334 590 infistentes‚
1347 541 1495 584 itidem
1502 552 1659 583 acutae.

281 630 420 672 Gauda
434 628 621 677 linearis,
653 626 830 670 minime
849 625 1024 676 flexilis,
1051 624 1184 675 nuda,
1215 622 1354 669 subtus
1379 623 1504 668 crassa
1527 624 1661 667 frena-

162 700 228 731 tur
244 688 351 747 plica
374 687 496 736 corii,
528 698 573 729 ut
590 684 721 729 libere
741 685 846 744 erigi
865 697 1001 745 queat.
1069 687 1190 727 Anus
1221 683 1535 744 sesquipollicari
1571 681 1661 725 fere

161 746 291 806 spatio
310 761 334 789 a
353 746 509 788 caudae
526 756 619 787 ortu
639 743 769 786 distat.
803 745 988 786 scrotum
1016 743 1124 786 inter
1136 742 1296 786 femora
1314 739 1511 787 striRum.
1541 742 1660 784 Ρναε-

155 809 319 862 patiam
337 803 408 848 sub
427 804 523 846 alvo
542 800 813 850 laxiffimum,
849 802 1009 843 urinam
1035 802 1232 844 retinens.

279 887 444 927 Corium
464 882 764 932 meliusculum,
781 881 960 931 fuscum,
992 883 1034 925 in
1051 881 1173 926 dorso
1196 881 1242 926 &
1263 883 1398 942 capite
1413 880 1661 941 nigrescens

158 943 301 1002 Capiti
317 942 510 1002 aequale,
543 943 713 990 durum3
741 943 783 984 in
801 954 949 985 trunco
966 941 1089 999 adipe
1108 940 1319 985 suffertum
1333 974 1342 992 ‚
1370 956 1457 983 non
1475 938 1548 983 nisi
1567 954 1664 984 cum

160 1000 373 1045 macrescit
400 1000 552 1043 animal
587 1001 817 1049 relaxatur,
862 997 1018 1059 ubique
1045 1014 1149 1043 vero
1182 1001 1297 1043 rimis
1325 997 1544 1049 obsoletis,
1587 1013 1662 1056 per

158 1073 353 1102 truncum
369 1058 608 1102 transversis
630 1058 870 1119 inaequale,
900 1059 943 1101 ἃ
963 1058 1117 1100 callulis
1139 1057 1368 1102 secedent-is
1393 1056 1664 1116 epidermidis

159 1116 441 1177 subleprosum
460 1116 527 1160 est.
588 1117 637 1160 In
659 1116 900 1176 inguinibus
927 1116 971 1159 (Sc
1019 1118 1207 1176 raeputio
1226 1116 1389 1177 semper
1404 1117 1502 1160 laxa
1526 1113 1662 1160 obser-

157 1189 278 1221 vatur
292 1175 434 1235 pellis,
465 1173 668 1219 laxisslma
686 1176 739 1219 ad
770 1176 926 1219 collum
950 1174 991 1218 su
1025 1186 1102 1218 tus.

275 1261 394 1302 Setae
414 1259 678 1308 rariusculae‚
709 1273 785 1318 per
809 1270 946 1302 totum
972 1273 1143 1317 corpus,
1175 1258 1303 1302 etIam
1340 1257 1383 1300 in
1407 1256 1585 1317 pedibus
1617 1255 1663 1300 ὄε

159 1329 276 1378 parte
292 1319 438 1376 capitis
457 1319 567 1360 collo
579 1319 795 1376 proxima,
814 1318 1087 1374 fizsciculatz'm
1107 1316 1281 1376 sparsae3
1311 1317 1558 1376 plerumque
1573 1315 1661 1375 qui-

156 1392 238 1419 nae
255 1376 323 1419 vel
340 1378 583 1434 pauciores,
633 1377 676 1418 in
705 1376 981 1433 transveffam
1005 1374 1153 1419 seriem
1179 1375 1501 1434 adproximatae
1526 1372 1661 1433 fingu-

158 1435 247 1478 lum
265 1433 499 1477 fasciculum
525 1434 609 1477 five
631 1434 870 1493 penicillum
895 1433 1158 1477 constituunt.
1221 1436 1406 1489 Capromt
1431 1432 1579 1476 frontis
1601 1433 1661 1474 in—

159 1506 222 1536 ter
252 1507 371 1535 aures
401 1491 700 1542 subvorticosa‚
729 1509 788 1536 ex
810 1492 904 1535 setis
935 1492 1054 1535 fuscis
1078 1491 1265 1552 albisque
1283 1490 1442 1535 mixtis.
1501 1492 1662 1534 Setulae

156 1549 308 1595 breves
326 1551 496 1592 mixtim
511 1552 655 1610 nigrae
668 1563 792 1611 atque
809 1566 950 1600 canae,
978 1549 1207 1594 antrorsum
1224 1549 1461 1609 prostratae,
1483 1563 1660 1607 acapro-

154 1624 208 1651 na
218 1608 343 1668 usque
354 1609 405 1650 ad
415 1609 675 1652 intervallum
686 1609 887 1658 dentium,
902 1609 1252 1668 longitudinalem
1262 1606 1444 1651 tractum
1454 1605 1658 1650 obsident.

270 1683 386 1725 Seme
407 1698 483 1741 per
504 1682 689 1732 dorsum,
721 1684 819 1726 inde
836 1699 858 1726 a
879 1682 1029 1733 nucha,
1047 1685 1320 1742 maximeque
1342 1682 1458 1740 supra
1475 1680 1656 1740 scapulas

157 1739 448 1789 creberrimae,
466 1739 601 1783 fusco—
616 1742 772 1799 nigrae,
790 1740 1075 1800 longiss'imae(
1087 1740 1176 1790 sex,
1207 1740 1380 1798 septem,
1400 1738 1658 1797 offlzovepol-

157 1799 315 1851 licum,)
348 1796 517 1841 crassitie
534 1799 769 1857 vulgarium
787 1800 1051 1858 porcinarum
1077 1799 1141 1848 (Sc,
1165 1812 1210 1841 ut
1230 1800 1343 1849 illae,
1380 1813 1402 1841 a
1435 1800 1497 1841 ice
1509 1799 1658 1853 fiffi'les.

156 1860 270 1899 Arm
296 1855 403 1898 dorfi
429 1855 706 1900 crebrioribus
736 1857 827 1900 setis
853 1856 984 1901 oblita
1011 1856 1127 1916 supra
1159 1856 1325 1900 lumbos
1361 1857 1401 1899 su
1434 1855 1561 1900 bifida
1593 1871 1657 1899 re-

159 1913 334 1958 trorsum
365 1914 583 1960 evanescit.
643 1916 759 1958 Hinc
787 1916 940 1974 postica
967 1931 1060 1974 pars
1086 1914 1212 1966 dorsi,
1259 1915 1435 1958 setarum
1461 1914 1658 1958 fasciculis

160 1973 294 2015 multo
323 1971 581 2029 spui-fioribus
609 1975 795 2032 praedita
824 1975 890 2018 est.
954 1976 1002 2017 ln
1023 1973 1195 2017 artubus
1224 1973 1331 2018 setae
1352 1972 1568 2017 breviores
1592 1974 1655 2015 iti-

159 2031 259 2073 dem
278 2030 424 2073 fuscae.
485 2031 640 2074 Latera
674 2034 808 2075 trunci
853 2032 898 2075 <Sc
928 2034 1125 2076 ventralis
1162 2032 1289 2075 facies
1335 2031 1470 2075 setulis
1507 2030 1655 2074 albidis

159 2088 305 2148 pilosa3
340 2088 481 2147 quales
493 2091 619 2132 etiam
635 2092 779 2148 capitis
798 2092 1041 2135 inferiorem
1059 2089 1239 2135 castium
1258 2091 1301 2133 6:
1319 2089 1644 2149 gulamcrebrio-

157 2163 225 2190 res
242 2146 440 2196 vestiunt,
468 2146 512 2189 ἃ
529 2150 726 2191 concursu
737 2151 936 2207 flitmum
960 2165 984 2193 a
1008 2151 1193 2209 parotica
1218 2151 1395 2209 regione
1425 2147 1564 2194 versus
1582 2163 1656 2207 gu·

158 2205 241 2248 lam
256 2204 461 2249 reflexam
478 2203 671 2250 efficiunt.

904 2266 939 2309 Β
973 2283 991 2318 3
1169 2232 1179 2239 ‘
1502 2266 1655 2308 MEN-
