1998 2701
695 151 854 207 ²222&
969 151 1123 205 (24)
1240 149 1401 207 '2⁵0ss

411 259 509 302 Alea
543 254 733 298 teti-acula
768 255 901 297 nostra
936 255 978 300 in
1016 255 1114 297 mari
1150 254 1439 297 Chersonesum
1471 256 1792 303 Kamtschaticam

301 316 514 362 ambeunte
531 312 613 354 satis
632 309 821 367 frequens
839 311 1022 353 habetur.
1046 364 1048 366 V
1107 311 1286 353 interdiu
1311 311 1432 367 longe
1456 326 1479 353 a
1507 315 1617 354 terris
1637 313 1794 355 avolant

303 387 340 417 et
358 374 397 413 in
414 383 588 425 aequore
614 380 832 422 vagantur,
861 367 932 408 ubi
956 380 1018 408 eas
1039 368 1188 409 nonnifi
1206 367 1387 410 solitarias
1417 369 1704 410 circumnatare
1735 371 1793 410 vi-

299 430 411 479 deas,
445 425 628 481 quamvis
648 425 687 464 in
710 423 878 478 scopulis
895 425 1093 478 gregatim
1112 423 1270 480 degant.
1337 424 1558 466 Niditicant
1586 425 1726 466 seilicet
1756 437 1795 466 et

298 483 423 527 noOffl
443 483 562 522 latent
586 481 625 520 in
647 479 798 531 insulis,
829 479 898 521 ubi
918 481 981 519 vel
1002 479 1158 520 scrobes
1177 491 1217 521 et
1236 478 1444 534 speluncae
1462 482 1590 521 variae
1611 480 1796 529 desertae,

298 540 547 594 rupiumque
585 536 873 576 maritimarum
908 533 1079 586 fifl'urae,
1118 535 1182 576 vel
1223 536 1416 587 cuniculi,
1462 550 1565 590 quos
1600 535 1797 590 sibiipsae

301 607 492 637 excavare
531 591 694 644 callent,
732 590 890 632 latibula
935 590 1138 645 praebent.
1225 590 1326 632 Sunt
1350 603 1485 633 autem
1520 591 1797 646 stupidiffimae

303 663 415 699 ave83
446 661 568 702 aegre
593 646 748 695 volant,
779 647 998 700 aegerrime
1026 645 1197 699 pedibus
1223 645 1417 696 insistunt,
1447 661 1492 687 ac
1508 641 1681 688 hominis
1711 659 1798 687 mo-

302 720 346 748 re
379 704 552 754 ereffle,
609 701 758 743 nonnisi
795 700 884 742 saxo
927 699 1108 742 suffultae
1149 712 1217 742 aut
1256 701 1443 752 acclines,
1493 700 1567 742 sese
1601 701 1797 743 sustinent.

302 759 593 814 Promptiffime
611 770 746 799 contra
763 769 896 797 natant
922 769 962 799 et
986 770 1105 811 aquas
1134 757 1317 798 subeunt.
1375 756 1651 798 Observantur
1687 756 1798 811 saepe

305 816 428 858 nocffu
454 826 491 855 et
519 813 690 854 interdiu
710 814 749 853 in
774 825 892 853 naves
923 812 1127 864 advolare,
1163 814 1244 853 imo
1270 824 1413 858 manus
1440 812 1652 854 hominum
1683 813 1799 861 invog-

306 873 406 923 lant,
442 869 554 925 quod
583 871 683 910 inter
709 869 778 910 alia
805 868 874 923 ipii
910 870 1182 910 STELLERO
1209 882 1231 908 e
1268 867 1541 909 Kamtschatka
1576 867 1799 908 Ochotium

305 927 507 980 trajicienti
555 927 686 977 (anno
733 938 851 975 1744·
884 939 935 966 10
963 925 1173 976 Augusti)
1215 921 1394 964 accidisse
1430 925 1471 965 in
1507 922 1668 966 Schedis
1702 922 1799 974 ejus-

311 983 404 1025 dem
428 982 598 1022 invenio.

429 1046 529 1089 OV
537 1045 581 1087 A
607 1059 760 1099 ponere
786 1045 977 1086 dicuntur
1006 1045 1108 1085 circa
1143 1044 1322 1086 medium
1340 1044 1463 1096 Iunii,
1508 1044 1681 1101 singulae
1707 1059 1801 1088 aves

309 1104 459 1160 singula
485 1117 529 1144 ac
558 1102 640 1144 satis
675 1114 830 1155 magna.
914 1097 1150 1140 Infestantur
1175 1099 1364 1152 pediculis
1394 1098 1549 1142 formae
1583 1102 1802 1158 peculiaris.

309 1163 440 1203 Carne
466 1158 574 1206 sunt,
621 1158 677 1198 uti
715 1158 929 1211 pleraeque
964 1156 1135 1195 marinae
1165 1169 1280 1206 aves,
1329 1156 1441 1207 sicca,
1481 1156 1645 1198 exsucca
1678 1170 1801 1212 atque

308 1215 527 1258 duriffima;
553 1226 591 1254 et
613 1225 816 1267 praeterea
842 1211 987 1265 plumis
1010 1222 1131 1264 atque
1157 1211 1344 1264 lanugine
1362 1210 1461 1251 adeo
1480 1214 1688 1264 tenaciter,
1705 1227 1801 1254 con-

307 1271 525 1325 fertimque
547 1270 626 1309 cuti
653 1265 947 1307 inhaerentibus
971 1265 1214 1317 vestiuntur,
1252 1278 1297 1307 ut
1325 1265 1430 1307 nulla
1455 1280 1577 1321 opera
1607 1282 1708 1323 pure
1732 1268 1801 1310 de-

307 1324 649 1382 plumari'poffint.
708 1323 814 1362 Hine
842 1320 995 1361 mensae
1017 1318 1099 1360 fere
1123 1320 1277 1362 inutiles
1296 1321 1507 1363 censendae
1526 1323 1634 1375 sunt3
1671 1338 1691 1365 a
1712 1324 1801 1365 bar-

307 1383 410 1423 baris
429 1393 527 1420 vero
552 1379 652 1419 illius
679 1378 851 1432 regionis
879 1376 1102 1416 miserrimis
1126 1376 1373 1429 hominibus,
1411 1377 1459 1418 ad
1487 1377 1633 1420 famem
1653 1379 1800 1434 pellen-

309 1437 400 1480 dam
425 1435 535 1490 saepe
554 1435 622 1475 vix
639 1433 855 1488 turpissima
872 1431 1169 1483 nauseantibus,
1200 1445 1280 1472 non
1312 1432 1552 1475 recusantur.

675 1553 1426 1607 DESCRIPTIO

453 1660 582 1715 AL
616 1658 812 1712 CAE
912 1657 1663 1711 TETRACULAE.

733 1752 827 1796 Tae).
855 1752 942 1794 JV.
977 1759 1013 1795 ec
1044 1753 1101 1796 V.
1122 1753 1371 1808 fig.10-12.

312 1815 593 1909 B'OEagaezitudo
621 1851 705 1894 fere
723 1863 762 1891 et
784 1847 939 1891 habitus
959 1851 1239 1905 praecedentis.
1305 1847 1438 1904 Caput
1466 1851 1602 1893 versus
1628 1854 1800 1897 maxillas

309 1911 576 1971 produfituim
598 1921 644 1950 ut
661 1909 699 1947 in
720 1908 771 1947 A.
784 1906 986 1959 psittacum
1014 1904 1167 1961 (Tam
1173 1904 1229 1947 V.
1241 1910 1274 1958 J.
1855 1940 1858 1942 ,

425 1977 605 2030 Rostrum
636 1972 872 2015 adscendens
905 1972 1030 2025 (Tan.
1054 1971 1103 2015 V
1101 2005 1110 2014 .
1123 1971 1197 2025 fig.
1218 1986 1275 2014 Io.
1311 1986 1332 2014 a
1351 1973 1492 2025 latere,
1525 1973 1592 2026 fig.
1610 1989 1666 2016 II.
1693 1975 1800 2018 desu-

311 2049 403 2092 per,
426 2033 501 2087 fig.
523 2046 585 2076 12.
611 2045 634 2072 a
657 2028 840 2083 fronte),
877 2030 1113 2085 parvulum,
1136 2028 1330 2071 conoideo
1355 2028 1641 2084 compressum,
1674 2028 1802 2129 fuget&
