1998 2701
640 172 824 233 'Qss'
942 174 1163 229 (22)
1281 172 1466 232 Qessff

296 276 494 324 ambulat,
509 272 554 316 ὅτ
564 270 720 332 ubique
760 286 806 315 er
814 269 976 315 medias
986 285 1113 331 aquas
1124 269 1389 314 undulatorio
1400 269 1472 314 suo
1480 280 1601 314 motu
1611 269 1702 316 satis
1714 274 1816 318 cele-

293 339 393 381 riter
413 332 548 376 currit.
610 331 711 374 Vim
740 330 926 379 'entiens‚
957 341 1002 372 ut
1028 329 1073 373 ὅι
1100 327 1336 389 quiescens,
1375 329 1636 373 contrahitur
1653 331 1743 388 (fig.
1760 334 1817 388 b.)

294 397 384 438 imo
402 390 668 435 convoluitur
682 388 803 447 saepe
819 400 944 447 atque
964 403 988 431 e
1007 388 1103 431 loco
1122 386 1161 432 se
1180 388 1336 441 dejicit,
1361 389 1564 447 varioque
1579 388 1713 432 modo
1730 404 1819 432 eor-

295 467 374 512 pus
391 450 628 508 detorquet.
685 447 956 506 Propagandi
975 447 1153 489 modum
1171 445 1391 490 obseruare
1412 462 1497 488 non
1516 448 1647 504 potui.
1686 447 1818 491 Vero-

295 509 503 555 fimillime
526 520 670 551 tamen
698 504 1086 563 hermaphroditica
1110 504 1201 547 sunt
1224 503 1329 547 haec
1352 505 1608 548 animalcula.
1681 505 1821 565 Saepe

297 564 567 614 transversim
588 581 611 609 e
631 562 847 624 propofito
863 561 1020 613 secani,
1051 563 1122 606 vel
1142 562 1186 606 ἀ
1213 563 1411 612 laceram,
1443 578 1659 622 nunquam
1675 575 1820 607 tamen

294 627 389 673 satis
414 626 485 668 diu
506 623 683 682 satisque
711 620 1025 681 perseveranter
1047 621 1100 664 ad
1131 618 1398 665 dissectarum
1423 622 1668 679 portionum
1689 622 1820 666 incre-

295 696 491 731 mentum
511 681 741 726 adtendere
759 681 890 739 potui.
951 680 1153 739 Aliquam
1171 680 1472 722 restitutionem
1491 681 1709 723 anterioris
1726 696 1820 739 por-

296 745 423 788 tionis
441 741 662 803 aliquoties
681 738 913 783 observavi.
952 738 1048 782 Imo
1064 736 1190 781 semel
1207 739 1275 781 diu
1296 736 1553 781 adservatam
1577 740 1821 796 portionem

293 804 476 847 anticam
503 799 676 843 tandem
691 797 783 857 post
805 797 985 856 plurium
1002 797 1166 840 dierum
1191 796 1456 840 intervallum
1480 794 1720 854 inspiciens,
1750 798 1822 840 de-

295 858 460 906 festum
486 859 529 901 in
550 859 763 915 integrum
790 853 1002 899 restituisse
1024 855 1133 906 vidi,
1170 867 1399 915 renataque
1425 869 1520 914 pars
1544 855 1678 897 multo
1705 868 1836 899 tene->

298 920 403 969 rior,
430 916 762 976 pellucidiorque
788 914 1044 975 aliquamdiu
1070 912 1218 956 mansit
1246 914 1408 974 reliquo
1434 928 1623 970 corpore.
1693 913 1821 956 Posti-

298 993 392 1080 }am
411 977 654 1035 portionem
671 973 921 1035 plerumque
935 970 1117 1031 periisse,
1146 987 1287 1031 neque
1313 986 1500 1033 unquam
1517 970 1726 1029 pullulasse
1747 970 1822 1016 ob-

317 1049 475 1080 ervaV1.
1383 1070 1388 1072 ,

414 1093 553 1134 Datur
570 1091 612 1130 in
628 1090 744 1146 aquis
763 1087 1012 1140 purioribus,
1025 1087 1078 1127 ad
1088 1085 1372 1143 Nympheam
1382 1085 1633 1142 praesertim.
1660 1087 1822 1130 Fascio-

299 1150 365 1196 lae
381 1146 538 1208 species
559 1144 658 1187 huic
674 1141 914 1201 perfimilis,
938 1141 1012 1184 nifi
1031 1144 1147 1200 quod
1172 1144 1298 1200 paulo
1328 1143 1449 1184 latior
1473 1141 1541 1191 sit,
1577 1155 1750 1204 totaque
1768 1138 1823 1188 la'-

301 1207 417 1256 Rea,
443 1215 607 1265 praeter
631 1216 762 1246 venas
784 1198 1316 1259 gryseo-brunnescentes.
1385 1200 1511 1243 Hanc
1539 1199 1700 1259 semper
1725 1218 1822 1244 cum

299 1265 485 1313 Fasciola
505 1261 698 1319 hepatica
716 1259 960 1303 animalium
976 1258 1158 1303 eandem
1175 1256 1256 1302 esse
1273 1258 1446 1308 credidi,
1478 1259 1646 1319 alioque
1664 1261 1760 1304 loco
1776 1260 1822 1305 &
1871 1312 1873 1315 p

301 1336 496 1384 tempore
513 1317 754 1364 describam.

707 1402 758 1452 D
794 1401 838 1451 E
871 1401 903 1452 S
941 1401 984 1452 C
1020 1401 1061 1451 R
1099 1401 1120 1452 I
1157 1401 1193 1451 Ρ
1228 1390 1277 1452 Τ
1311 1402 1332 1450 I
1366 1401 1416 1451 O

544 1475 1105 1544 FASCIOLAE
1170 1474 1582 1541 FUSCAE.

812 1574 924 1627 Tab,
949 1577 989 1627 I.
1027 1575 1332 1644 Fig.13.a.b.

311 1652 487 1730 Corpus
504 1667 993 1729 oblongo-lanceolarum
1005 1700 1015 1717 ,
1046 1669 1183 1711 antice
1200 1666 1664 1717 truncato-subretusum
1674 1702 1685 1720 ,
1699 1670 1823 1730 posti·

308 1750 357 1780 ce
374 1743 542 1777 acutum
557 1762 567 1778 ,
596 1729 788 1788 planum,
817 1725 1031 1769 mutabile.

427 1790 545 1832 Color
571 1787 698 1830 totius
715 1784 871 1833 fuscus,
902 1785 1022 1827 venis
1038 1783 1324 1843 opacioribus,
1354 1784 1703 1844 nigris‚ramofi8,
1731 1788 1822 1846 pin·

307 1850 440 1897 natim
470 1843 691 1903 disposltis,
715 1844 905 1886 maxime
921 1843 964 1884 in
986 1843 1183 1885 anteriori
1198 1844 1386 1900 corporis
1402 1855 1531 1901 parte.

424 1906 474 1958 In
494 1904 631 1947 antica
646 1902 916 1946 extremitate
933 1901 1077 1944 medio
1087 1902 1242 1957 prandia
1258 1902 1343 1944 duo
1369 1901 1683 1960 approximata,
1715 1918 1823 1964 quae

309 1967 419 2014 forte
435 1961 582 2006 oscula.
1546 1999 1547 2003 ,
1585 1967 1591 1972 ’

425 2022 575 2063 Subtus
598 2016 738 2061 versus
765 2016 993 2075 posteriora
1015 2017 1057 2059 in
1085 2015 1232 2059 medio
1258 2013 1391 2060 viscus
1417 2014 1608 2076 oblongo
1625 2017 1821 2066 -lineare,
1873 2062 1876 2064 ,

310 2080 512 2128 albicans,
532 2077 726 2135 utrinque
745 2076 866 2119 venis
897 2073 1211 2132 subpinnatum,
1243 2075 1286 2116 in
1310 2089 1395 2135 quo
1412 2072 1569 2132 punf'ta
1590 2076 1695 2124 duo,
1723 2075 1820 2118 alte-

310 2154 406 2186 rum
422 2148 519 2181 ante
537 2134 733 2182 alterum;
755 2148 808 2176 an
823 2133 976 2191 pariter
991 2134 1113 2191 pori?
1144 2147 1196 2175 an
1213 2132 1446 2191 genitales?

1689 2189 1820 2233 FAS-
