1998 2701
532 293 692 350 ‘Rasa‘
809 294 1028 350 (41)
1143 293 1304 350 ¹⁹⁴0&

176 415 325 444 verum
352 401 393 443 in
423 398 714 460 speciminibus
746 401 909 443 Vivam}
933 400 1105 456 Hagam'
1130 401 1188 442 ita
1207 400 1356 445 debilis
1382 400 1440 445 est
1462 402 1590 453 odor,
1626 402 1671 448 ut

177 459 330 502 saniem
354 460 466 502 illam
485 460 555 502 diu
570 459 792 501 inodoram
819 458 1079 501 crediderim.
1139 459 1211 501 Ali
1244 475 1341 503 uem
1366 472 1506 505 tamen
1539 461 1673 520 spirat,

177 518 328 576 frigida
359 518 603 576 tempestate
621 518 698 560 vix
724 517 1060 576 percipiendum,
1099 517 1229 560 volati
1247 533 1337 567 em,
1377 517 1585 570 subtilem,
1628 522 1672 564 ὄε

177 577 299 619 odori
318 575 450 619 ferme
471 575 756 619 Geraniorum
784 575 1048 635 quorundam
1077 577 1416 634 comparabilem.

293 659 514 702 Praeterea
530 657 742 717 singularis
762 660 803 701 in
824 657 902 701 hac
918 657 1050 716 spetie
1071 656 1311 702 observatur
1324 659 1412 702 nasi
1429 659 1573 719 figura,
1588 677 1673 721 quo

177 733 263 759 non
282 719 458 759 ovi-num
485 732 538 775 pe
567 732 614 758 us
642 716 787 763 refert,
827 728 872 758 ut
909 716 1138 774 Antilopae
1166 717 1409 777 pleraeque,
1441 718 1509 761 sed
1533 722 1672 777 potius

184 777 412 831 Tragulmn
437 786 690 830 pygmaemn.
750 773 911 817 Glaber
941 775 1057 816 enim
1096 786 1142 815 ut
1176 775 1232 816 illi
1268 776 1346 824 est,
1387 776 1431 818 ἃ
1454 776 1615 835 semper
1632 780 1675 821 in

178 834 280 876 vivo
295 832 504 875 humidus⁴
571 830 775 874 Notabile
797 831 908 873 aliud
933 831 1206 874 differentiale
1232 847 1499 876 momentum
1535 838 1577 876 in
1603 836 1674 879 de-

177 888 292 933 sedin
312 890 526 948 scoparum
551 888 655 931 infra
706 903 813 931 enua
831 887 1009 931 consistit
1022 921 1032 936 ‚
1063 900 1109 931 ut
1128 889 1204 931 alia
1220 901 1381 933 taceam
1398 907 1505 950 quae
1525 894 1673 937 melius

180 964 203 991 e
220 947 493 1007 descriptione
508 946 553 990 ἁ
573 904 735 1001 ειεῌεὲὲει
757 947 888 990 [cone
905 951 921 1000 (
936 947 1059 989 TAB.
1072 947 1175 1000 Ill.)
1199 947 1415 992 dil'centur.

569 1160 1290 1217 DESCRIPTIO

339 1271 923 1341 ANTILOPES
963 1275 1510 1345 GRIMMIAE.

800 1401 910 1452 Tah.
960 1403 1053 1452 III.

182 1542 478 1628 Magnitudo
495 1543 656 1585 circiter
677 1543 776 1602 pulli
794 1545 956 1587 Damae
973 1543 1191 1589 bimestris.
1252 1547 1404 1590 Totius
1421 1548 1579 1599 formae
1598 1549 1678 1591 ele-

307 1601 467 1656 gantia,
498 1616 660 1643 crurum
680 1602 928 1659 gracilitate,
945 1605 1077 1646 trunci
1094 1618 1189 1661 apta
1206 1603 1249 1646 δε
1265 1604 1392 1648 habili
1404 1605 1677 1664 plenitudine,

182 1669 231 1756 {a
263 1656 327 1697 itis
353 1657 671 1701 circumcaesura
695 1659 741 1702 ὄε
772 1658 990 1717 εῑάΓΡεὲἰῖυε
1016 1663 1198 1720 argutie‚
1226 1678 1516 1722 congerierum
1547 1679 1676 1708 venu-

215 1714 239 1755 il
261 1729 362 1756 imas
381 1716 523 1758 vincit.

299 1814 451 1868 Capitis
467 1814 602 1857 forma
616 1814 704 1858 fere
720 1828 765 1859 ut
784 1817 824 1859 in
842 1819 997 1868 Dama,
1029 1831 1213 1877 excepto
1237 1817 1354 1868 naso,
1381 1835 1463 1879 qua
1480 1833 1596 1879 parte
1607 1837 1681 1880 po-

186 1870 267 1911 tius
296 1872 476 1928 Tragulo
487 1884 682 1930 pygmaeo
698 1872 837 1917 similis
854 1875 911 1918 est
941 1874 1047 1919 haec
1074 1878 1285 1933 Antilope,
1314 1893 1443 1937 quum
1460 1880 1501 1920 in
1520 1895 1677 1939 conge-

188 1926 359 1971 neribus
387 1929 474 1973 fere
494 1932 668 1974 ovillum
692 1932 866 1975 rostrum
894 1935 1026 1993 vulgo
1052 1935 1217 1980 referat.
1286 1936 1438 1980 Nudus
1465 1937 1523 1980 est
1550 1940 1683 1993 nasas,

186 1987 354 2086 atelano?
374 1990 573 2033 continuo
596 1989 814 2039 humidi-iffi
844 2007 963 2036 nares
988 2006 1129 2037 autem
1154 1994 1338 2044 lunatae,
1371 1995 1556 2054 patulae,
1592 1990 1680 2041 sub-

187 2059 285 2101 para
315 2059 338 2087 e
355 2059 415 2088 ae.

306 2146 398 2188 Oris
415 2147 626 2205 margines
649 2149 779 2207 nigri,
808 2162 854 2193 ut
871 2150 915 2194 &⁷
945 2152 1111 2208 linguae
1137 2149 1366 2196 subacutae.
1429 2156 1582 2197 Dentes
1597 2156 1682 2210 pri-

188 2216 317 2245 mores
335 2204 463 2247 medii
479 2204 568 2254 lati,
600 2206 825 2250 extrorsum
843 2208 1094 2269 subobliqui‚
1123 2211 1309 2253 laterales
1324 2210 1570 2263 acutiusculi,
1592 2213 1682 2256 exi-

188 2258 261 2302 les.
322 2262 494 2306 Labium
512 2262 693 2322 superius
713 2264 1003 2311 obsoletiffime
1031 2267 1242 2318 bilobum,
1283 2284 1362 2311 nec
1390 2267 1535 2312 fiss'um.
1602 2272 1684 2314 Pili

951 2326 987 2369 F
1606 2331 1684 2372 rari
