<?xml version="1.0" encoding="UTF-8"?>
<!DOCTYPE html PUBLIC "-//W3C//DTD XHTML 1.0 Transitional//EN"
    "http://www.w3.org/TR/xhtml1/DTD/xhtml1-transitional.dtd">
<html xmlns="http://www.w3.org/1999/xhtml" xml:lang="en" lang="en">
 <head>
  <title>
</title>
<meta http-equiv="Content-Type" content="text/html;charset=utf-8" />
  <meta name='ocr-system' content='tesseract 3.04.00' />
  <meta name='ocr-capabilities' content='ocr_page ocr_carea ocr_par ocr_line ocrx_word'/>
</head>
<body>
  <div class='ocr_page' id='page_1' title='image "./spicilegiazoolog110pall_0348.png"; bbox 0 0 1998 2701; ppageno 0'>
   <div class='ocr_carea' id='block_1_1' title="bbox 656 139 1502 248">
    <p class='ocr_par' dir='ltr' id='par_1_1' title="bbox 656 139 1502 248">
     <span class='ocr_line' id='line_1_1' title="bbox 656 139 1502 248; baseline 0.004 -2"><span class='ocrx_word' id='word_1_1' title='bbox 656 185 843 246; x_wconf 50' lang='lat' dir='ltr'>wate*</span> <span class='ocrx_word' id='word_1_2' title='bbox 962 182 1175 243; x_wconf 63' lang='lat'>&lt;205</span> <span class='ocrx_word' id='word_1_3' title='bbox 1290 139 1502 248; x_wconf 44' lang='lat' dir='ltr'>Q&amp;</span> 
     </span>
    </p>
   </div>
   <div class='ocr_carea' id='block_1_2' title="bbox 306 285 1833 1500">
    <p class='ocr_par' dir='ltr' id='par_1_2' title="bbox 306 285 1833 1500">
     <span class='ocr_line' id='line_1_2' title="bbox 426 285 1829 343; baseline 0.005 -14"><span class='ocrx_word' id='word_1_4' title='bbox 426 289 524 334; x_wconf 86' lang='lat' dir='ltr'>Non</span> <span class='ocrx_word' id='word_1_5' title='bbox 549 285 662 329; x_wconf 89' lang='lat' dir='ltr'>facile</span> <span class='ocrx_word' id='word_1_6' title='bbox 685 285 913 343; x_wconf 35' lang='lat' dir='ltr'>quidquam*</span> <span class='ocrx_word' id='word_1_7' title='bbox 930 285 971 328; x_wconf 87' lang='lat' dir='ltr'>in</span> <span class='ocrx_word' id='word_1_8' title='bbox 1001 291 1133 329; x_wconf 86' lang='lat' dir='ltr'>rerum·</span> <span class='ocrx_word' id='word_1_9' title='bbox 1158 297 1293 331; x_wconf 84' lang='lat' dir='ltr'>natura</span> <span class='ocrx_word' id='word_1_10' title='bbox 1313 287 1500 339; x_wconf 62' lang='lat' dir='ltr'>invenio,</span> <span class='ocrx_word' id='word_1_11' title='bbox 1527 285 1639 343; x_wconf 78' lang='lat' dir='ltr'>cujus</span> <span class='ocrx_word' id='word_1_12' title='bbox 1660 288 1771 334; x_wconf 84' lang='lat' dir='ltr'>causa.</span> <span class='ocrx_word' id='word_1_13' title='bbox 1789 291 1829 336; x_wconf 70' lang='grc' dir='ltr'>ἃ</span> 
     </span>
     <span class='ocr_line' id='line_1_3' title="bbox 308 341 1828 403; baseline -0.002 -9"><span class='ocrx_word' id='word_1_14' title='bbox 308 348 524 394; x_wconf 79' lang='lat' dir='ltr'>institutum</span> <span class='ocrx_word' id='word_1_15' title='bbox 545 344 666 401; x_wconf 85' lang='lat' dir='ltr'>magis</span> <span class='ocrx_word' id='word_1_16' title='bbox 681 342 845 388; x_wconf 83' lang='lat' dir='ltr'>obscura</span> <span class='ocrx_word' id='word_1_17' title='bbox 861 341 962 387; x_wconf 88' lang='lat' dir='ltr'>mihi</span> <span class='ocrx_word' id='word_1_18' title='bbox 978 344 1183 397; x_wconf 78' lang='lat' dir='ltr'>videntur,</span> <span class='ocrx_word' id='word_1_19' title='bbox 1210 360 1326 402; x_wconf 87' lang='lat' dir='ltr'>quam</span> <span class='ocrx_word' id='word_1_20' title='bbox 1354 346 1566 403; x_wconf 73' lang='lat' dir='ltr'>pinnarum</span> <span class='ocrx_word' id='word_1_21' title='bbox 1595 348 1635 390; x_wconf 90' lang='lat' dir='ltr'>in</span> <span class='ocrx_word' id='word_1_22' title='bbox 1659 347 1731 390; x_wconf 81' lang='lat' dir='ltr'>hac</span> <span class='ocrx_word' id='word_1_23' title='bbox 1755 363 1828 391; x_wconf 91' lang='lat' dir='ltr'>no-</span> 
     </span>
     <span class='ocr_line' id='line_1_4' title="bbox 308 401 1828 462; baseline 0.001 -14"><span class='ocrx_word' id='word_1_24' title='bbox 308 407 378 450; x_wconf 85' lang='lat' dir='ltr'>stra</span> <span class='ocrx_word' id='word_1_25' title='bbox 398 402 666 461; x_wconf 86' lang='lat' dir='ltr'>Coryphaena</span> <span class='ocrx_word' id='word_1_26' title='bbox 687 401 892 445; x_wconf 86' lang='lat' dir='ltr'>abnormis</span> <span class='ocrx_word' id='word_1_27' title='bbox 907 401 1146 459; x_wconf 85' lang='lat' dir='ltr'>amplitudo.</span> <span class='ocrx_word' id='word_1_28' title='bbox 1205 404 1246 446; x_wconf 92' lang='lat' dir='ltr'>Si</span> <span class='ocrx_word' id='word_1_29' title='bbox 1264 418 1400 446; x_wconf 86' lang='lat' dir='ltr'>verum</span> <span class='ocrx_word' id='word_1_30' title='bbox 1419 403 1487 454; x_wconf 85' lang='lat' dir='ltr'>fit·,-</span> <span class='ocrx_word' id='word_1_31' title='bbox 1513 406 1623 462; x_wconf 89' lang='lat' dir='ltr'>quod</span> <span class='ocrx_word' id='word_1_32' title='bbox 1644 406 1828 450; x_wconf 80' lang='lat' dir='ltr'>nonnulli</span> 
     </span>
     <span class='ocr_line' id='line_1_5' title="bbox 308 460 1829 519; baseline 0.003 -17"><span class='ocrx_word' id='word_1_33' title='bbox 308 464 461 509; x_wconf 83' lang='lat' dir='ltr'>volunt,</span> <span class='ocrx_word' id='word_1_34' title='bbox 495 462 633 516; x_wconf 82' lang='lat' dir='ltr'>pinnas</span> <span class='ocrx_word' id='word_1_35' title='bbox 652 461 829 517; x_wconf 79' lang='lat' dir='ltr'>impares</span> <span class='ocrx_word' id='word_1_36' title='bbox 849 460 1029 517; x_wconf 85' lang='lat' dir='ltr'>piscium,</span> <span class='ocrx_word' id='word_1_37' title='bbox 1058 460 1224 505; x_wconf 84' lang='lat' dir='ltr'>dorsales</span> <span class='ocrx_word' id='word_1_38' title='bbox 1245 477 1392 519; x_wconf 84' lang='lat' dir='ltr'><strong>nempe</strong></span> <span class='ocrx_word' id='word_1_39' title='bbox 1413 465 1453 505; x_wconf 70' lang='grc' dir='ltr'>δε·</span> <span class='ocrx_word' id='word_1_40' title='bbox 1471 464 1642 514; x_wconf 64' lang='lat' dir='ltr'>attalem,</span> <span class='ocrx_word' id='word_1_41' title='bbox 1671 476 1829 507; x_wconf 85' lang='lat' dir='ltr'>tantum</span> 
     </span>
     <span class='ocr_line' id='line_1_6' title="bbox 307 519 1832 575; baseline -0.001 -10"><span class='ocrx_word' id='word_1_42' title='bbox 307 522 354 565; x_wconf 86' lang='lat' dir='ltr'>ad</span> <span class='ocrx_word' id='word_1_43' title='bbox 395 520 617 562; x_wconf 78' lang='lat' dir='ltr'>librandum</span> <span class='ocrx_word' id='word_1_44' title='bbox 654 533 804 575; x_wconf 81' lang='lat' dir='ltr'>corpus</span> <span class='ocrx_word' id='word_1_45' title='bbox 838 521 875 561; x_wconf 68' lang='grc' dir='ltr'>ἃ</span> <span class='ocrx_word' id='word_1_46' title='bbox 911 519 1165 575; x_wconf 81' lang='lat' dir='ltr'>dirigendum</span> <span class='ocrx_word' id='word_1_47' title='bbox 1194 532 1356 562; x_wconf 87' lang='lat' dir='ltr'>motum</span> <span class='ocrx_word' id='word_1_48' title='bbox 1389 522 1632 563; x_wconf 58' lang='lat' dir='ltr'>reelilineum</span> <span class='ocrx_word' id='word_1_49' title='bbox 1675 521 1832 572; x_wconf 80' lang='lat' dir='ltr'>servire;</span> 
     </span>
     <span class='ocr_line' id='line_1_7' title="bbox 306 573 1830 637; baseline 0.001 -16"><span class='ocrx_word' id='word_1_50' title='bbox 306 580 401 637; x_wconf 83' lang='lat' dir='ltr'>quid</span> <span class='ocrx_word' id='word_1_51' title='bbox 441 578 534 620; x_wconf 84' lang='lat' dir='ltr'>huic</span> <span class='ocrx_word' id='word_1_52' title='bbox 566 575 680 633; x_wconf 83' lang='lat' dir='ltr'>pisci,</span> <span class='ocrx_word' id='word_1_53' title='bbox 726 591 803 634; x_wconf 78' lang='lat' dir='ltr'>pro</span> <span class='ocrx_word' id='word_1_54' title='bbox 832 583 1008 621; x_wconf 71' lang='lat' dir='ltr'>macro,v</span> <span class='ocrx_word' id='word_1_55' title='bbox 1052 577 1174 633; x_wconf 83' lang='lat' dir='ltr'>plano</span> <span class='ocrx_word' id='word_1_56' title='bbox 1205 577 1252 620; x_wconf 66' lang='lat'>³&amp;</span> <span class='ocrx_word' id='word_1_57' title='bbox 1288 579 1485 633; x_wconf 78' lang='lat' dir='ltr'>expedito</span> <span class='ocrx_word' id='word_1_58' title='bbox 1511 591 1701 635; x_wconf 83' lang='lat' dir='ltr'>corpore,</span> <span class='ocrx_word' id='word_1_59' title='bbox 1747 573 1830 623; x_wconf 79' lang='lat' dir='ltr'>tan-</span> 
     </span>
     <span class='ocr_line' id='line_1_8' title="bbox 306 635 1830 694; baseline 0.001 -14"><span class='ocrx_word' id='word_1_60' title='bbox 306 640 358 681; x_wconf 86' lang='lat' dir='ltr'>tis</span> <span class='ocrx_word' id='word_1_61' title='bbox 390 637 489 678; x_wconf 88' lang='lat' dir='ltr'>velis</span> <span class='ocrx_word' id='word_1_62' title='bbox 519 650 623 692; x_wconf 89' lang='lat' dir='ltr'>opus</span> <span class='ocrx_word' id='word_1_63' title='bbox 649 635 715 686; x_wconf 80' lang='lat' dir='ltr'>sit,</span> <span class='ocrx_word' id='word_1_64' title='bbox 759 650 843 678; x_wconf 91' lang='lat' dir='ltr'>non</span> <span class='ocrx_word' id='word_1_65' title='bbox 875 635 1080 691; x_wconf 77' lang='lat' dir='ltr'>concipio.</span> <span class='ocrx_word' id='word_1_66' title='bbox 1171 635 1372 692; x_wconf 81' lang='lat' dir='ltr'>Equidem</span> <span class='ocrx_word' id='word_1_67' title='bbox 1396 636 1473 679; x_wconf 61' lang='lat' dir='ltr'>hae*-</span> <span class='ocrx_word' id='word_1_68' title='bbox 1497 638 1639 692; x_wconf 86' lang='lat' dir='ltr'>pinnae</span> <span class='ocrx_word' id='word_1_69' title='bbox 1662 638 1710 680; x_wconf 86' lang='lat' dir='ltr'>ad</span> <span class='ocrx_word' id='word_1_70' title='bbox 1738 652 1830 694; x_wconf 87' lang='lat' dir='ltr'>pro·</span> 
     </span>
     <span class='ocr_line' id='line_1_9' title="bbox 308 692 1830 751; baseline 0.001 -13"><span class='ocrx_word' id='word_1_71' title='bbox 308 694 559 739; x_wconf 86' lang='lat' dir='ltr'>movendum</span> <span class='ocrx_word' id='word_1_72' title='bbox 589 708 739 749; x_wconf 86' lang='lat' dir='ltr'>corpus</span> <span class='ocrx_word' id='word_1_73' title='bbox 771 695 812 736; x_wconf 91' lang='lat' dir='ltr'>in</span> <span class='ocrx_word' id='word_1_74' title='bbox 854 694 1053 751; x_wconf 85' lang='lat' dir='ltr'>plerisque</span> <span class='ocrx_word' id='word_1_75' title='bbox 1092 692 1263 750; x_wconf 85' lang='lat' dir='ltr'>piscibus</span> <span class='ocrx_word' id='word_1_76' title='bbox 1305 709 1390 737; x_wconf 90' lang='lat' dir='ltr'>non</span> <span class='ocrx_word' id='word_1_77' title='bbox 1433 696 1619 737; x_wconf 52' lang='lat' dir='ltr'>videntur*</span> <span class='ocrx_word' id='word_1_78' title='bbox 1644 696 1830 739; x_wconf 82' lang='lat' dir='ltr'>inservire.</span> 
     </span>
     <span class='ocr_line' id='line_1_10' title="bbox 309 753 1830 810; baseline -0.001 -13"><span class='ocrx_word' id='word_1_79' title='bbox 309 753 553 809; x_wconf 81' lang='lat' dir='ltr'>Principales</span> <span class='ocrx_word' id='word_1_80' title='bbox 568 753 610 794; x_wconf 91' lang='lat' dir='ltr'>in</span> <span class='ocrx_word' id='word_1_81' title='bbox 627 767 678 795; x_wconf 91' lang='lat' dir='ltr'>eo</span> <span class='ocrx_word' id='word_1_82' title='bbox 696 766 840 808; x_wconf 51' lang='lat' dir='ltr'>partes,¹</span> <span class='ocrx_word' id='word_1_83' title='bbox 865 765 960 795; x_wconf 85' lang='lat' dir='ltr'>curn</span> <span class='ocrx_word' id='word_1_84' title='bbox 979 753 1118 802; x_wconf 78' lang='lat' dir='ltr'>cauda,</span> <span class='ocrx_word' id='word_1_85' title='bbox 1144 764 1256 809; x_wconf 85' lang='lat' dir='ltr'>agere</span> <span class='ocrx_word' id='word_1_86' title='bbox 1276 753 1417 807; x_wconf 86' lang='lat' dir='ltr'>pinnas</span> <span class='ocrx_word' id='word_1_87' title='bbox 1433 754 1656 809; x_wconf 64' lang='lat' dir='ltr'>pee&#39;iorales‚</span> <span class='ocrx_word' id='word_1_88' title='bbox 1686 754 1830 810; x_wconf 84' lang='lat' dir='ltr'>probat</span> 
     </span>
     <span class='ocr_line' id='line_1_11' title="bbox 307 810 1833 869; baseline 0 -14"><span class='ocrx_word' id='word_1_89' title='bbox 307 825 440 855; x_wconf 87' lang='lat' dir='ltr'>earum</span> <span class='ocrx_word' id='word_1_90' title='bbox 467 812 505 853; x_wconf 88' lang='lat' dir='ltr'>in</span> <span class='ocrx_word' id='word_1_91' title='bbox 533 811 723 854; x_wconf 85' lang='lat' dir='ltr'>omnibus</span> <span class='ocrx_word' id='word_1_92' title='bbox 753 812 875 854; x_wconf 82' lang='lat' dir='ltr'>ferme</span> <span class='ocrx_word' id='word_1_93' title='bbox 900 811 1127 855; x_wconf 82' lang='lat' dir='ltr'>natatilibus</span> <span class='ocrx_word' id='word_1_94' title='bbox 1152 810 1380 868; x_wconf 87' lang='lat' dir='ltr'>praesentia,</span> <span class='ocrx_word' id='word_1_95' title='bbox 1422 811 1538 854; x_wconf 90' lang='lat' dir='ltr'>etiam</span> <span class='ocrx_word' id='word_1_96' title='bbox 1568 811 1634 854; x_wconf 87' lang='lat' dir='ltr'>ubi</span> <span class='ocrx_word' id='word_1_97' title='bbox 1662 813 1833 869; x_wconf 74' lang='lat' dir='ltr'>reliquae</span> 
     </span>
     <span class='ocr_line' id='line_1_12' title="bbox 308 868 1831 927; baseline 0.001 -16"><span class='ocrx_word' id='word_1_98' title='bbox 308 870 460 926; x_wconf 69' lang='lat' dir='ltr'>pinnae*</span> <span class='ocrx_word' id='word_1_99' title='bbox 472 870 629 927; x_wconf 84' lang='lat' dir='ltr'>exiguae</span> <span class='ocrx_word' id='word_1_100' title='bbox 655 868 721 913; x_wconf 85' lang='lat' dir='ltr'>vel</span> <span class='ocrx_word' id='word_1_101' title='bbox 749 869 877 913; x_wconf 85' lang='lat' dir='ltr'>nullae</span> <span class='ocrx_word' id='word_1_102' title='bbox 903 869 1006 922; x_wconf 83' lang='lat' dir='ltr'>sunt,</span> <span class='ocrx_word' id='word_1_103' title='bbox 1037 876 1081 912; x_wconf 89' lang='lat' dir='ltr'>ut</span> <span class='ocrx_word' id='word_1_104' title='bbox 1100 871 1140 912; x_wconf 90' lang='lat' dir='ltr'>in</span> <span class='ocrx_word' id='word_1_105' title='bbox 1161 869 1333 912; x_wconf 84' lang='lat' dir='ltr'>Piscibus</span> <span class='ocrx_word' id='word_1_106' title='bbox 1358 869 1666 926; x_wconf 80' lang='lat' dir='ltr'>branchiostegis</span> <span class='ocrx_word' id='word_1_107' title='bbox 1688 873 1724 912; x_wconf 86' lang='lat'>&amp;</span> <span class='ocrx_word' id='word_1_108' title='bbox 1751 871 1831 912; x_wconf 87' lang='lat' dir='ltr'>ani·</span> 
     </span>
     <span class='ocr_line' id='line_1_13' title="bbox 309 926 1830 984; baseline 0 -14"><span class='ocrx_word' id='word_1_109' title='bbox 309 927 479 970; x_wconf 87' lang='lat' dir='ltr'>malibus</span> <span class='ocrx_word' id='word_1_110' title='bbox 498 926 664 971; x_wconf 86' lang='lat' dir='ltr'>setaceis.</span> <span class='ocrx_word' id='word_1_111' title='bbox 726 930 915 972; x_wconf 85' lang='lat' dir='ltr'>Attamen</span> <span class='ocrx_word' id='word_1_112' title='bbox 938 927 961 970; x_wconf 82' lang='lat' dir='ltr'>li</span> <span class='ocrx_word' id='word_1_113' title='bbox 982 929 1195 978; x_wconf 54' lang='lat' dir='ltr'>concedas.¹</span> <span class='ocrx_word' id='word_1_114' title='bbox 1222 927 1429 984; x_wconf 84' lang='lat' dir='ltr'>(exemplo</span> <span class='ocrx_word' id='word_1_115' title='bbox 1450 927 1666 972; x_wconf 83' lang='lat' dir='ltr'>Trichiuri‚</span> <span class='ocrx_word' id='word_1_116' title='bbox 1700 927 1830 984; x_wconf 88' lang='lat' dir='ltr'>Gym-</span> 
     </span>
     <span class='ocr_line' id='line_1_14' title="bbox 307 985 1831 1044; baseline 0 -16"><span class='ocrx_word' id='word_1_117' title='bbox 307 997 502 1028; x_wconf 88' lang='lat' dir='ltr'>notorum</span> <span class='ocrx_word' id='word_1_118' title='bbox 520 988 556 1029; x_wconf 75' lang='lat'>8&lt;</span> <span class='ocrx_word' id='word_1_119' title='bbox 574 985 873 1037; x_wconf 67' lang='lat' dir='ltr'>Muraenarm,</span> <span class='ocrx_word' id='word_1_120' title='bbox 905 986 1050 1044; x_wconf 86' lang='lat' dir='ltr'>quibus</span> <span class='ocrx_word' id='word_1_121' title='bbox 1075 987 1196 1043; x_wconf 89' lang='lat' dir='ltr'>pinna</span> <span class='ocrx_word' id='word_1_122' title='bbox 1219 987 1283 1029; x_wconf 82' lang='lat' dir='ltr'>ani</span> <span class='ocrx_word' id='word_1_123' title='bbox 1307 986 1384 1029; x_wconf 87' lang='lat' dir='ltr'>sola</span> <span class='ocrx_word' id='word_1_124' title='bbox 1404 985 1486 1029; x_wconf 81' lang='lat' dir='ltr'>fere</span> <span class='ocrx_word' id='word_1_125' title='bbox 1500 997 1677 1027; x_wconf 84' lang='lat' dir='ltr'>natatum</span> <span class='ocrx_word' id='word_1_126' title='bbox 1703 986 1831 1028; x_wconf 86' lang='lat' dir='ltr'>undu·</span> 
     </span>
     <span class='ocr_line' id='line_1_15' title="bbox 306 1043 1833 1101; baseline 0.001 -16"><span class='ocrx_word' id='word_1_127' title='bbox 306 1044 492 1087; x_wconf 82' lang='lat' dir='ltr'>latorium</span> <span class='ocrx_word' id='word_1_128' title='bbox 512 1043 686 1101; x_wconf 81' lang='lat' dir='ltr'>praestat.</span> <span class='ocrx_word' id='word_1_129' title='bbox 695 1051 714 1095; x_wconf 94' lang='lat'><em>)</em></span> <span class='ocrx_word' id='word_1_130' title='bbox 739 1044 804 1088; x_wconf 89' lang='lat' dir='ltr'>ista</span> <span class='ocrx_word' id='word_1_131' title='bbox 823 1044 909 1088; x_wconf 90' lang='lat' dir='ltr'>vela</span> <span class='ocrx_word' id='word_1_132' title='bbox 926 1045 1076 1088; x_wconf 82' lang='lat' dir='ltr'>natatui</span> <span class='ocrx_word' id='word_1_133' title='bbox 1094 1044 1293 1090; x_wconf 74' lang='lat' dir='ltr'>inservire3</span> <span class='ocrx_word' id='word_1_134' title='bbox 1330 1056 1462 1086; x_wconf 85' lang='lat' dir='ltr'>tamen</span> <span class='ocrx_word' id='word_1_135' title='bbox 1483 1043 1711 1098; x_wconf 76' lang='lat' dir='ltr'>amplitudo</span> <span class='ocrx_word' id='word_1_136' title='bbox 1727 1055 1833 1086; x_wconf 79' lang='lat' dir='ltr'>tanta</span> 
     </span>
     <span class='ocr_line' id='line_1_16' title="bbox 308 1101 1832 1162; baseline 0 -19"><span class='ocrx_word' id='word_1_137' title='bbox 308 1115 385 1157; x_wconf 90' lang='lat' dir='ltr'>pro</span> <span class='ocrx_word' id='word_1_138' title='bbox 406 1101 489 1144; x_wconf 92' lang='lat' dir='ltr'>solo</span> <span class='ocrx_word' id='word_1_139' title='bbox 505 1114 639 1145; x_wconf 89' lang='lat' dir='ltr'>natatu</span> <span class='ocrx_word' id='word_1_140' title='bbox 658 1117 742 1146; x_wconf 88' lang='lat' dir='ltr'>non</span> <span class='ocrx_word' id='word_1_141' title='bbox 761 1103 1044 1162; x_wconf 80' lang='lat' dir='ltr'>requirebatur.</span> <span class='ocrx_word' id='word_1_142' title='bbox 1106 1104 1172 1145; x_wconf 84' lang='lat' dir='ltr'>An</span> <span class='ocrx_word' id='word_1_143' title='bbox 1196 1115 1294 1159; x_wconf 86' lang='lat' dir='ltr'>ergo</span> <span class='ocrx_word' id='word_1_144' title='bbox 1320 1102 1580 1144; x_wconf 86' lang='lat' dir='ltr'>undulatione</span> <span class='ocrx_word' id='word_1_145' title='bbox 1605 1101 1832 1144; x_wconf 87' lang='lat' dir='ltr'>eorundem</span> 
     </span>
     <span class='ocr_line' id='line_1_17' title="bbox 308 1157 1832 1213; baseline -0.003 -12"><span class='ocrx_word' id='word_1_146' title='bbox 308 1159 427 1201; x_wconf 76' lang='lat' dir='ltr'>etiam</span> <span class='ocrx_word' id='word_1_147' title='bbox 453 1170 558 1200; x_wconf 79' lang='lat' dir='ltr'>extra</span> <span class='ocrx_word' id='word_1_148' title='bbox 581 1170 723 1212; x_wconf 82' lang='lat' dir='ltr'>aquam</span> <span class='ocrx_word' id='word_1_149' title='bbox 749 1159 822 1198; x_wconf 83' lang='lat' dir='ltr'>sese</span> <span class='ocrx_word' id='word_1_150' title='bbox 842 1159 980 1198; x_wconf 76' lang='lat' dir='ltr'>efferre</span> <span class='ocrx_word' id='word_1_151' title='bbox 1003 1163 1041 1197; x_wconf 85' lang='lat'>&amp;</span> <span class='ocrx_word' id='word_1_152' title='bbox 1064 1159 1243 1197; x_wconf 81' lang='lat' dir='ltr'>volatum</span> <span class='ocrx_word' id='word_1_153' title='bbox 1276 1161 1473 1211; x_wconf 74' lang='lat' dir='ltr'>quendam</span> <span class='ocrx_word' id='word_1_154' title='bbox 1500 1171 1680 1202; x_wconf 67' lang='lat' dir='ltr'>exercere</span> <span class='ocrx_word' id='word_1_155' title='bbox 1705 1157 1832 1213; x_wconf 81' lang='lat' dir='ltr'>potest</span> 
     </span>
     <span class='ocr_line' id='line_1_18' title="bbox 306 1210 1833 1272; baseline 0.001 -15"><span class='ocrx_word' id='word_1_156' title='bbox 306 1215 581 1272; x_wconf 78' lang='lat' dir='ltr'>Corypliaena</span> <span class='ocrx_word' id='word_1_157' title='bbox 619 1213 768 1262; x_wconf 80' lang='lat' dir='ltr'>nostra,</span> <span class='ocrx_word' id='word_1_158' title='bbox 814 1214 853 1254; x_wconf 94' lang='lat' dir='ltr'>in</span> <span class='ocrx_word' id='word_1_159' title='bbox 879 1225 998 1268; x_wconf 87' lang='lat' dir='ltr'>quem</span> <span class='ocrx_word' id='word_1_160' title='bbox 1026 1210 1118 1254; x_wconf 81' lang='lat' dir='ltr'>solis</span> <span class='ocrx_word' id='word_1_161' title='bbox 1150 1212 1284 1266; x_wconf 83' lang='lat' dir='ltr'>pinnis·</span> <span class='ocrx_word' id='word_1_162' title='bbox 1305 1214 1564 1266; x_wconf 67' lang='lat' dir='ltr'>pecioralibus</span> <span class='ocrx_word' id='word_1_163' title='bbox 1591 1219 1833 1264; x_wconf 57' lang='lat' dir='ltr'>browerus,</span> 
     </span>
     <span class='ocr_line' id='line_1_19' title="bbox 308 1267 1830 1330; baseline -0.001 -13"><span class='ocrx_word' id='word_1_164' title='bbox 308 1285 425 1330; x_wconf 88' lang='lat' dir='ltr'>atque</span> <span class='ocrx_word' id='word_1_165' title='bbox 446 1270 627 1328; x_wconf 75' lang='lat' dir='ltr'>Pegasus,</span> <span class='ocrx_word' id='word_1_166' title='bbox 656 1273 693 1313; x_wconf 79' lang='grc'>8(</span> <span class='ocrx_word' id='word_1_167' title='bbox 712 1271 761 1313; x_wconf 89' lang='lat' dir='ltr'>ad</span> <span class='ocrx_word' id='word_1_168' title='bbox 785 1269 999 1325; x_wconf 61' lang='lat' dir='ltr'>peelorales</span> <span class='ocrx_word' id='word_1_169' title='bbox 1027 1267 1320 1311; x_wconf 84' lang='lat' dir='ltr'>succenturiatis</span> <span class='ocrx_word' id='word_1_170' title='bbox 1339 1270 1478 1325; x_wconf 82' lang='lat' dir='ltr'>Trigla</span> <span class='ocrx_word' id='word_1_171' title='bbox 1495 1269 1636 1313; x_wconf 89' lang='lat' dir='ltr'>volans</span> <span class='ocrx_word' id='word_1_172' title='bbox 1657 1276 1693 1315; x_wconf 88' lang='lat'>&amp;</span> <span class='ocrx_word' id='word_1_173' title='bbox 1712 1274 1830 1316; x_wconf 72' lang='lat' dir='ltr'>Scor-</span> 
     </span>
     <span class='ocr_line' id='line_1_20' title="bbox 308 1325 1831 1387; baseline 0.001 -15"><span class='ocrx_word' id='word_1_174' title='bbox 308 1344 431 1387; x_wconf 82' lang='lat' dir='ltr'>paena</span> <span class='ocrx_word' id='word_1_175' title='bbox 450 1330 592 1371; x_wconf 87' lang='lat' dir='ltr'>volans</span> <span class='ocrx_word' id='word_1_176' title='bbox 608 1329 672 1384; x_wconf 75' lang='lat' dir='ltr'>(a)</span> <span class='ocrx_word' id='word_1_177' title='bbox 691 1326 914 1370; x_wconf 70' lang='lat' dir='ltr'>sufficiunt?</span> <span class='ocrx_word' id='word_1_178' title='bbox 952 1325 1035 1368; x_wconf 86' lang='lat' dir='ltr'>Nisi</span> <span class='ocrx_word' id='word_1_179' title='bbox 1054 1325 1139 1368; x_wconf 89' lang='lat' dir='ltr'>hoc</span> <span class='ocrx_word' id='word_1_180' title='bbox 1165 1326 1231 1371; x_wconf 81' lang='lat' dir='ltr'>iit,</span> <span class='ocrx_word' id='word_1_181' title='bbox 1269 1328 1336 1368; x_wconf 86' lang='lat' dir='ltr'>cui</span> <span class='ocrx_word' id='word_1_182' title='bbox 1351 1327 1466 1369; x_wconf 88' lang='lat' dir='ltr'>bono</span> <span class='ocrx_word' id='word_1_183' title='bbox 1487 1340 1614 1371; x_wconf 78' lang='lat' dir='ltr'>tantas</span> <span class='ocrx_word' id='word_1_184' title='bbox 1636 1330 1831 1374; x_wconf 84' lang='lat' dir='ltr'>membra-</span> 
     </span>
     <span class='ocr_line' id='line_1_21' title="bbox 309 1383 1831 1441; baseline -0.004 -10"><span class='ocrx_word' id='word_1_185' title='bbox 309 1403 376 1431; x_wconf 88' lang='lat' dir='ltr'>nas</span> <span class='ocrx_word' id='word_1_186' title='bbox 394 1387 589 1430; x_wconf 82' lang='lat' dir='ltr'>latitudini</span> <span class='ocrx_word' id='word_1_187' title='bbox 609 1385 722 1438; x_wconf 80' lang='lat' dir='ltr'>hujus</span> <span class='ocrx_word' id='word_1_188' title='bbox 741 1384 852 1440; x_wconf 86' lang='lat' dir='ltr'>piscis</span> <span class='ocrx_word' id='word_1_189' title='bbox 869 1383 1064 1433; x_wconf 85' lang='lat' dir='ltr'>verticali,</span> <span class='ocrx_word' id='word_1_190' title='bbox 1093 1399 1192 1441; x_wconf 87' lang='lat' dir='ltr'>quae</span> <span class='ocrx_word' id='word_1_191' title='bbox 1207 1398 1299 1425; x_wconf 86' lang='lat' dir='ltr'>cum</span> <span class='ocrx_word' id='word_1_192' title='bbox 1324 1384 1510 1441; x_wconf 77' lang='lat' dir='ltr'>exquisita</span> <span class='ocrx_word' id='word_1_193' title='bbox 1525 1388 1707 1440; x_wconf 84' lang='lat' dir='ltr'>corporis</span> <span class='ocrx_word' id='word_1_194' title='bbox 1725 1389 1831 1431; x_wconf 84' lang='lat' dir='ltr'>exili-</span> 
     </span>
     <span class='ocr_line' id='line_1_22' title="bbox 307 1442 1715 1500; baseline -0.002 -9"><span class='ocrx_word' id='word_1_195' title='bbox 307 1458 386 1491; x_wconf 84' lang='lat' dir='ltr'>tate</span> <span class='ocrx_word' id='word_1_196' title='bbox 404 1444 489 1487; x_wconf 82' lang='lat' dir='ltr'>satis</span> <span class='ocrx_word' id='word_1_197' title='bbox 509 1442 665 1500; x_wconf 79' lang='lat' dir='ltr'>insignis</span> <span class='ocrx_word' id='word_1_198' title='bbox 683 1442 747 1494; x_wconf 78' lang='lat' dir='ltr'>est,</span> <span class='ocrx_word' id='word_1_199' title='bbox 776 1442 970 1485; x_wconf 86' lang='lat' dir='ltr'>addiderit</span> <span class='ocrx_word' id='word_1_200' title='bbox 987 1453 1134 1493; x_wconf 81' lang='lat' dir='ltr'>natura,</span> <span class='ocrx_word' id='word_1_201' title='bbox 1165 1456 1249 1484; x_wconf 90' lang='lat' dir='ltr'>non</span> <span class='ocrx_word' id='word_1_202' title='bbox 1267 1443 1482 1498; x_wconf 79' lang='lat' dir='ltr'>intelligere</span> <span class='ocrx_word' id='word_1_203' title='bbox 1499 1457 1564 1485; x_wconf 88' lang='lat' dir='ltr'>me</span> <span class='ocrx_word' id='word_1_204' title='bbox 1580 1445 1715 1488; x_wconf 80' lang='lat' dir='ltr'>fateor.</span> 
     </span>
    </p>
   </div>
   <div class='ocr_carea' id='block_1_3' title="bbox 309 1507 1831 1860">
    <p class='ocr_par' dir='ltr' id='par_1_3' title="bbox 309 1507 1831 1860">
     <span class='ocr_line' id='line_1_23' title="bbox 427 1507 1831 1567; baseline 0.001 -14"><span class='ocrx_word' id='word_1_205' title='bbox 427 1511 556 1567; x_wconf 78' lang='lat' dir='ltr'>Qiod</span> <span class='ocrx_word' id='word_1_206' title='bbox 588 1524 663 1566; x_wconf 88' lang='lat' dir='ltr'>pro</span> <span class='ocrx_word' id='word_1_207' title='bbox 690 1508 898 1552; x_wconf 74' lang='lat' dir='ltr'>rarissimae</span> <span class='ocrx_word' id='word_1_208' title='bbox 925 1508 1040 1562; x_wconf 70' lang='lat' dir='ltr'>huius</span> <span class='ocrx_word' id='word_1_209' title='bbox 1068 1508 1338 1565; x_wconf 66' lang='lat' dir='ltr'>Corypliaene</span> <span class='ocrx_word' id='word_1_210' title='bbox 1365 1507 1629 1564; x_wconf 82' lang='lat' dir='ltr'>descriptione</span> <span class='ocrx_word' id='word_1_211' title='bbox 1652 1512 1688 1553; x_wconf 70' lang='grc' dir='ltr'>δὲ</span> <span class='ocrx_word' id='word_1_212' title='bbox 1712 1511 1831 1556; x_wconf 84' lang='lat' dir='ltr'>icone</span> 
     </span>
     <span class='ocr_line' id='line_1_24' title="bbox 309 1565 1830 1623; baseline -0.002 -9"><span class='ocrx_word' id='word_1_213' title='bbox 309 1571 509 1614; x_wconf 83' lang='lat' dir='ltr'>exarandis</span> <span class='ocrx_word' id='word_1_214' title='bbox 526 1567 895 1623; x_wconf 83' lang='lat' dir='ltr'>adhibuispecimen</span> <span class='ocrx_word' id='word_1_215' title='bbox 914 1567 1112 1622; x_wconf 78' lang='lat' dir='ltr'>eleganter</span> <span class='ocrx_word' id='word_1_216' title='bbox 1129 1565 1326 1615; x_wconf 83' lang='lat' dir='ltr'>siccatum.</span> <span class='ocrx_word' id='word_1_217' title='bbox 1357 1566 1629 1610; x_wconf 78' lang='lat' dir='ltr'>humaniiiime</span> <span class='ocrx_word' id='word_1_218' title='bbox 1645 1583 1830 1612; x_wconf 87' lang='lat' dir='ltr'>commu-</span> 
     </span>
     <span class='ocr_line' id='line_1_25' title="bbox 309 1624 1829 1682; baseline -0.001 -11"><span class='ocrx_word' id='word_1_219' title='bbox 309 1629 456 1671; x_wconf 85' lang='lat' dir='ltr'>nicavit</span> <span class='ocrx_word' id='word_1_220' title='bbox 484 1627 560 1670; x_wconf 86' lang='lat' dir='ltr'>Cel.</span> <span class='ocrx_word' id='word_1_221' title='bbox 590 1630 626 1670; x_wconf 91' lang='lat' dir='ltr'><strong>A</strong></span> <span class='ocrx_word' id='word_1_222' title='bbox 641 1640 904 1669; x_wconf 82' lang='lat' dir='ltr'>LLAMAND</span> <span class='ocrx_word' id='word_1_223' title='bbox 932 1640 954 1667; x_wconf 94' lang='lat' dir='ltr'>e</span> <span class='ocrx_word' id='word_1_224' title='bbox 987 1624 1128 1682; x_wconf 82' lang='lat' dir='ltr'>Museo</span> <span class='ocrx_word' id='word_1_225' title='bbox 1166 1628 1485 1667; x_wconf 65' lang='lat' dir='ltr'>ACADnMiAE·</span> <span class='ocrx_word' id='word_1_226' title='bbox 1517 1624 1829 1682; x_wconf 76' lang='lat' dir='ltr'>Lugdunobata·</span> 
     </span>
     <span class='ocr_line' id='line_1_26' title="bbox 311 1683 1829 1743; baseline -0.001 -14"><span class='ocrx_word' id='word_1_227' title='bbox 311 1701 397 1739; x_wconf 84' lang='lat' dir='ltr'>vae,</span> <span class='ocrx_word' id='word_1_228' title='bbox 428 1687 538 1743; x_wconf 83' lang='lat' dir='ltr'>quod</span> <span class='ocrx_word' id='word_1_229' title='bbox 555 1698 688 1728; x_wconf 88' lang='lat' dir='ltr'>totum</span> <span class='ocrx_word' id='word_1_230' title='bbox 711 1684 795 1727; x_wconf 87' lang='lat' dir='ltr'>suae</span> <span class='ocrx_word' id='word_1_231' title='bbox 815 1698 928 1726; x_wconf 88' lang='lat' dir='ltr'>curae</span> <span class='ocrx_word' id='word_1_232' title='bbox 947 1685 982 1725; x_wconf 83' lang='lat'>&amp;</span> <span class='ocrx_word' id='word_1_233' title='bbox 1002 1684 1043 1725; x_wconf 91' lang='lat' dir='ltr'>in</span> <span class='ocrx_word' id='word_1_234' title='bbox 1062 1698 1120 1726; x_wconf 86' lang='lat' dir='ltr'>res</span> <span class='ocrx_word' id='word_1_235' title='bbox 1137 1683 1331 1725; x_wconf 81' lang='lat' dir='ltr'>naturales</span> <span class='ocrx_word' id='word_1_236' title='bbox 1347 1683 1474 1732; x_wconf 83' lang='lat' dir='ltr'>amori</span> <span class='ocrx_word' id='word_1_237' title='bbox 1493 1683 1669 1735; x_wconf 80' lang='lat' dir='ltr'>debetur,</span> <span class='ocrx_word' id='word_1_238' title='bbox 1700 1686 1829 1741; x_wconf 87' lang='lat' dir='ltr'>quod-</span> 
     </span>
     <span class='ocr_line' id='line_1_27' title="bbox 311 1739 1829 1802; baseline 0.001 -16"><span class='ocrx_word' id='word_1_239' title='bbox 311 1759 387 1802; x_wconf 87' lang='lat' dir='ltr'>que</span> <span class='ocrx_word' id='word_1_240' title='bbox 409 1744 567 1801; x_wconf 80' lang='lat' dir='ltr'>egregio</span> <span class='ocrx_word' id='word_1_241' title='bbox 587 1746 621 1786; x_wconf 76' lang='lat'>8&lt;</span> <span class='ocrx_word' id='word_1_242' title='bbox 645 1742 791 1799; x_wconf 88' lang='lat' dir='ltr'>ubique</span> <span class='ocrx_word' id='word_1_243' title='bbox 814 1742 1011 1784; x_wconf 85' lang='lat' dir='ltr'>imitando</span> <span class='ocrx_word' id='word_1_244' title='bbox 1034 1742 1220 1797; x_wconf 82' lang='lat' dir='ltr'>exemplo</span> <span class='ocrx_word' id='word_1_245' title='bbox 1243 1739 1425 1785; x_wconf 81' lang='lat' dir='ltr'>Curiofis</span> <span class='ocrx_word' id='word_1_246' title='bbox 1447 1743 1564 1784; x_wconf 79' lang='lat' dir='ltr'>omni</span> <span class='ocrx_word' id='word_1_247' title='bbox 1587 1755 1772 1800; x_wconf 89' lang='lat' dir='ltr'>tempore</span> <span class='ocrx_word' id='word_1_248' title='bbox 1792 1746 1829 1787; x_wconf 78' lang='grc' dir='ltr'>δι</span> 
     </span>
     <span class='ocr_line' id='line_1_28' title="bbox 311 1798 1556 1860; baseline -0.004 -14"><span class='ocrx_word' id='word_1_249' title='bbox 311 1803 361 1846; x_wconf 87' lang='lat' dir='ltr'>ad</span> <span class='ocrx_word' id='word_1_250' title='bbox 376 1802 593 1860; x_wconf 85' lang='lat' dir='ltr'>quemlibet</span> <span class='ocrx_word' id='word_1_251' title='bbox 613 1800 825 1844; x_wconf 83' lang='lat' dir='ltr'>honestum</span> <span class='ocrx_word' id='word_1_252' title='bbox 843 1800 952 1842; x_wconf 85' lang='lat' dir='ltr'>usum</span> <span class='ocrx_word' id='word_1_253' title='bbox 971 1798 1181 1843; x_wconf 83' lang='lat' dir='ltr'>liberaliter</span> <span class='ocrx_word' id='word_1_254' title='bbox 1198 1802 1234 1843; x_wconf 71' lang='lat'>8&lt;</span> <span class='ocrx_word' id='word_1_255' title='bbox 1253 1798 1419 1842; x_wconf 88' lang='lat' dir='ltr'>candide</span> <span class='ocrx_word' id='word_1_256' title='bbox 1436 1812 1556 1855; x_wconf 79' lang='lat' dir='ltr'>patet.</span> 
     </span>
    </p>
   </div>
   <div class='ocr_carea' id='block_1_4' title="bbox 314 1868 1829 2090">
    <p class='ocr_par' dir='ltr' id='par_1_4' title="bbox 314 1868 1829 2090">
     <span class='ocr_line' id='line_1_29' title="bbox 429 1868 1829 1931; baseline -0.001 -13"><span class='ocrx_word' id='word_1_257' title='bbox 429 1872 740 1931; x_wconf 82' lang='lat' dir='ltr'>Coryphacnam</span> <span class='ocrx_word' id='word_1_258' title='bbox 760 1870 931 1915; x_wconf 84' lang='lat' dir='ltr'>nostram</span> <span class='ocrx_word' id='word_1_259' title='bbox 950 1868 1180 1914; x_wconf 82' lang='lat' dir='ltr'>australioris</span> <span class='ocrx_word' id='word_1_260' title='bbox 1192 1871 1325 1913; x_wconf 87' lang='lat' dir='ltr'>Indiae</span> <span class='ocrx_word' id='word_1_261' title='bbox 1342 1870 1482 1913; x_wconf 88' lang='lat' dir='ltr'>oceani</span> <span class='ocrx_word' id='word_1_262' title='bbox 1496 1871 1624 1914; x_wconf 87' lang='lat' dir='ltr'>civem</span> <span class='ocrx_word' id='word_1_263' title='bbox 1641 1870 1713 1915; x_wconf 87' lang='lat' dir='ltr'>esse</span> <span class='ocrx_word' id='word_1_264' title='bbox 1729 1872 1829 1921; x_wconf 84' lang='lat' dir='ltr'>scio;</span> 
     </span>
     <span class='ocr_line' id='line_1_30' title="bbox 314 1928 1829 1988; baseline 0 -13"><span class='ocrx_word' id='word_1_265' title='bbox 314 1931 446 1975; x_wconf 89' lang='lat' dir='ltr'>nescio</span> <span class='ocrx_word' id='word_1_266' title='bbox 462 1945 593 1975; x_wconf 83' lang='lat' dir='ltr'>autem</span> <span class='ocrx_word' id='word_1_267' title='bbox 612 1945 801 1988; x_wconf 82' lang='lat' dir='ltr'>quaenam</span> <span class='ocrx_word' id='word_1_268' title='bbox 820 1928 863 1972; x_wconf 87' lang='lat' dir='ltr'>fit</span> <span class='ocrx_word' id='word_1_269' title='bbox 881 1929 1041 1978; x_wconf 83' lang='lat' dir='ltr'>summa,</span> <span class='ocrx_word' id='word_1_270' title='bbox 1071 1931 1120 1973; x_wconf 85' lang='lat' dir='ltr'>ad</span> <span class='ocrx_word' id='word_1_271' title='bbox 1138 1944 1256 1987; x_wconf 89' lang='lat' dir='ltr'>quam</span> <span class='ocrx_word' id='word_1_272' title='bbox 1274 1928 1484 1978; x_wconf 76' lang='lat' dir='ltr'>excrescat,</span> <span class='ocrx_word' id='word_1_273' title='bbox 1515 1930 1767 1987; x_wconf 80' lang='lat' dir='ltr'>magnitudo,</span> <span class='ocrx_word' id='word_1_274' title='bbox 1790 1933 1829 1975; x_wconf 77' lang='lat'>8&lt;</span> 
     </span>
     <span class='ocr_line' id='line_1_31' title="bbox 314 1986 1811 2090; baseline -0.001 -56"><span class='ocrx_word' id='word_1_275' title='bbox 314 1989 628 2036; x_wconf 85' lang='lat' dir='ltr'>itineratoribus,</span> <span class='ocrx_word' id='word_1_276' title='bbox 655 1990 722 2047; x_wconf 85' lang='lat' dir='ltr'>qui</span> <span class='ocrx_word' id='word_1_277' title='bbox 741 1988 808 2032; x_wconf 89' lang='lat' dir='ltr'>ista</span> <span class='ocrx_word' id='word_1_278' title='bbox 822 1987 987 2032; x_wconf 85' lang='lat' dir='ltr'>adibunt</span> <span class='ocrx_word' id='word_1_279' title='bbox 1004 1988 1138 2040; x_wconf 83' lang='lat' dir='ltr'>maria,</span> <span class='ocrx_word' id='word_1_280' title='bbox 1163 1986 1452 2032; x_wconf 84' lang='lat' dir='ltr'>observandum</span> <span class='ocrx_word' id='word_1_281' title='bbox 1469 1987 1663 2046; x_wconf 83' lang='lat' dir='ltr'>relinquo.</span> <span class='ocrx_word' id='word_1_282' title='bbox 1726 2045 1766 2087; x_wconf 82' lang='lat' dir='ltr'>D</span> <span class='ocrx_word' id='word_1_283' title='bbox 1778 2045 1811 2090; x_wconf 75' lang='lat' dir='ltr'>E</span> 
     </span>
    </p>
   </div>
   <div class='ocr_carea' id='block_1_5' title="bbox 353 2128 1827 2256">
    <p class='ocr_par' dir='ltr' id='par_1_5' title="bbox 353 2128 1827 2256">
     <span class='ocr_line' id='line_1_32' title="bbox 353 2128 1827 2172; baseline -0.002 -9"><span class='ocrx_word' id='word_1_284' title='bbox 353 2132 387 2172; x_wconf 70' lang='lat' dir='ltr'>a)</span> <span class='ocrx_word' id='word_1_285' title='bbox 410 2130 604 2163; x_wconf 83' lang='lat' dir='ltr'>Gasterosteus</span> <span class='ocrx_word' id='word_1_286' title='bbox 620 2131 717 2161; x_wconf 77' lang='lat' dir='ltr'>volans</span> <span class='ocrx_word' id='word_1_287' title='bbox 733 2133 905 2162; x_wconf 55' lang='lat' dir='ltr'>Liuium</span> <span class='ocrx_word' id='word_1_288' title='bbox 920 2128 987 2170; x_wconf 72' lang='lat' dir='ltr'>fist.</span> <span class='ocrx_word' id='word_1_289' title='bbox 1003 2137 1060 2161; x_wconf 70' lang='lat' dir='ltr'>nat.</span> <span class='ocrx_word' id='word_1_290' title='bbox 1076 2131 1116 2161; x_wconf 75' lang='lat' dir='ltr'>ed.</span> <span class='ocrx_word' id='word_1_291' title='bbox 1133 2129 1196 2160; x_wconf 83' lang='grc' dir='ltr'><em>ΧῙΙ.</em></span> <span class='ocrx_word' id='word_1_292' title='bbox 1215 2136 1243 2170; x_wconf 80' lang='lat' dir='ltr'>p.</span> <span class='ocrx_word' id='word_1_293' title='bbox 1254 2147 1294 2155; x_wconf 92' lang='lat'>—</span> <span class='ocrx_word' id='word_1_294' title='bbox 1317 2128 1356 2170; x_wconf 83' lang='lat' dir='ltr'>sp.</span> <span class='ocrx_word' id='word_1_295' title='bbox 1372 2152 1378 2160; x_wconf 87' lang='lat'><em>.</em></span> <span class='ocrx_word' id='word_1_296' title='bbox 1394 2152 1402 2160; x_wconf 86' lang='lat'>.</span> <span class='ocrx_word' id='word_1_297' title='bbox 1422 2130 1462 2160; x_wconf 88' lang='lat' dir='ltr'>est</span> <span class='ocrx_word' id='word_1_298' title='bbox 1475 2141 1539 2161; x_wconf 77' lang='lat' dir='ltr'>vern</span> <span class='ocrx_word' id='word_1_299' title='bbox 1554 2132 1722 2169; x_wconf 71' lang='lat' dir='ltr'>Sem-paena,</span> <span class='ocrx_word' id='word_1_300' title='bbox 1746 2130 1827 2169; x_wconf 83' lang='lat' dir='ltr'>quod</span> 
     </span>
     <span class='ocr_line' id='line_1_33' title="bbox 433 2171 1825 2214; baseline -0.001 -10"><span class='ocrx_word' id='word_1_301' title='bbox 433 2174 574 2213; x_wconf 75' lang='lat' dir='ltr'>imprimis</span> <span class='ocrx_word' id='word_1_302' title='bbox 592 2175 688 2214; x_wconf 66' lang='lat' dir='ltr'>capitis</span> <span class='ocrx_word' id='word_1_303' title='bbox 705 2173 797 2204; x_wconf 78' lang='lat' dir='ltr'>forma</span> <span class='ocrx_word' id='word_1_304' title='bbox 812 2174 916 2214; x_wconf 70' lang='lat' dir='ltr'>arguit.</span> <span class='ocrx_word' id='word_1_305' title='bbox 962 2171 1172 2204; x_wconf 81' lang='lat' dir='ltr'>Gasterosteum</span> <span class='ocrx_word' id='word_1_306' title='bbox 1186 2183 1246 2204; x_wconf 85' lang='lat' dir='ltr'>non</span> <span class='ocrx_word' id='word_1_307' title='bbox 1261 2172 1325 2211; x_wconf 76' lang='lat' dir='ltr'>else,</span> <span class='ocrx_word' id='word_1_308' title='bbox 1344 2174 1434 2206; x_wconf 68' lang='lat' dir='ltr'>acuLei</span> <span class='ocrx_word' id='word_1_309' title='bbox 1449 2172 1572 2205; x_wconf 59' lang='lat' dir='ltr'>dos-sales</span> <span class='ocrx_word' id='word_1_310' title='bbox 1587 2171 1644 2203; x_wconf 83' lang='lat' dir='ltr'>bafi</span> <span class='ocrx_word' id='word_1_311' title='bbox 1657 2173 1784 2204; x_wconf 82' lang='lat' dir='ltr'>connexi</span> <span class='ocrx_word' id='word_1_312' title='bbox 1797 2173 1825 2203; x_wconf 73' lang='grc' dir='ltr'><strong>ἁ</strong></span> 
     </span>
     <span class='ocr_line' id='line_1_34' title="bbox 437 2216 1054 2256; baseline -0.003 -8"><span class='ocrx_word' id='word_1_313' title='bbox 437 2216 527 2248; x_wconf 71' lang='lat' dir='ltr'>cauda</span> <span class='ocrx_word' id='word_1_314' title='bbox 543 2216 693 2248; x_wconf 73' lang='lat' dir='ltr'>lateraliter</span> <span class='ocrx_word' id='word_1_315' title='bbox 706 2227 768 2248; x_wconf 84' lang='lat' dir='ltr'>nou</span> <span class='ocrx_word' id='word_1_316' title='bbox 784 2218 905 2248; x_wconf 69' lang='lat' dir='ltr'>cni-‘inam</span> <span class='ocrx_word' id='word_1_317' title='bbox 919 2223 1054 2256; x_wconf 73' lang='lat' dir='ltr'>arguunt.</span> 
     </span>
    </p>
   </div>
  </div>
 </body>
</html>
