1998 2701
786 209 945 268 ’Ξὴᾱέ
1061 214 1215 265 (32)
1335 211 1495 268 ’ἒέηρ

507 317 665 374 Corpus
687 329 817 361 totum
842 320 1008 360 niveum
1026 319 1065 359 in
1085 317 1323 371 senioribus,
1353 316 1487 360 fronte
1506 330 1663 362 tantum
1684 319 1884 364 flavescen-

392 391 440 418 te.
527 372 551 416 I
555 373 761 417 maioribus
788 390 888 417 vero
916 389 998 417 non
1017 374 1141 416 modo
1160 372 1274 416 frons
1292 375 1505 417 lucescente
1525 376 1731 430 nebulosa,
1760 377 1886 419 succe-

390 432 509 474 dente
535 430 725 487 syncipite
752 431 869 486 alb03
907 431 973 474 sed
1003 443 1042 474 et
1071 444 1212 473 vertex
1240 432 1458 487 posterius,
1490 445 1529 474 et
1544 434 1700 485 cervix,
1731 445 1770 474 et
1791 433 1886 475 basis

391 488 542 529 alarum
564 487 794 544 rubiginoso
806 488 1013 543 lutescunt3
1042 501 1169 544 genae
1179 501 1315 530 autern
1333 488 1585 531 cinerascunt.
1646 489 1752 530 Gula
1771 490 1889 531 etiam

392 544 590 586 nonnullis
607 545 750 587 eodem
769 546 902 587 colore
912 545 1125 600 inquinata.
1191 544 1236 586 In
1256 545 1340 587 sinu
1357 558 1491 588 autern
1501 544 1753 588 mandibulae
1763 559 1889 587 mem-

391 600 512 642 brana
535 601 797 657 aliquousque
821 601 928 643 nuda
956 600 1217 657 purpurascit.

507 655 605 698 Alae
622 658 861 712 compositae
880 656 1045 700 caudam
1061 656 1183 712 paulo
1202 655 1506 712 supereminent.
1563 656 1744 712 Remiges
1765 659 1892 702 unde·
1920 669 1932 678 ‘

393 714 471 754 cim
500 716 709 769 primariae
736 715 958 756 constanter
978 712 1083 755 ultra
1096 712 1279 755 medium
1297 715 1453 768 nigrae,
1481 713 1562 755 basi
1584 714 1695 756 albae
1704 730 1714 769 3
1756 716 1891 757 secun-

395 769 524 811 dariae
544 770 786 825 plerumque
804 770 982 826 apicibus
1007 769 1298 812 cinerascentes.
1358 769 1551 812 Temices
1569 785 1738 826 quoque
1755 771 1891 812 secun-

395 826 594 868 dariarum
613 838 652 867 et
668 826 819 882 aliquot
837 826 949 882 saepe
966 826 1180 869 vestitrices
1199 827 1396 880 cinereae,
1443 828 1553 882 apice
1595 825 1865 868 fuscescentes.

505 882 642 924 Gauda
677 883 830 934 brevis,
866 882 1125 939 subaequalis.
1189 881 1390 926 Reffrices
1431 895 1610 925 texturae
1644 882 1892 936 rariusculae‚

395 937 544 980 mediae
563 938 613 979 ad
630 937 791 995 scapum
812 939 1104 983 cinerascentes.

503 994 629 1036 Pedes
640 994 916 1037 ‘saturatiffime
935 996 1060 1037 rubri.
1119 992 1266 1048 Digiti
1293 993 1554 1047 breviusculi‚
1593 995 1720 1050 nigri3
1767 1007 1895 1036 mem-

395 1049 540 1092 branae
562 1063 660 1092 vero
678 1052 780 1093 inter
796 1051 940 1105 digitos
961 1052 1063 1094 tibiis
1089 1049 1336 1093 concolores.

785 1127 1509 1208 M‘⁵ENSURAE.

399 1242 564 1328 Quae
582 1284 621 1323 in
641 1283 742 1323 vivis
760 1281 1039 1337 speciminibus:
1058 1283 1189 1315 obiter
1204 1282 1358 1316 mensut
1368 1284 1421 1315 eui
1442 1292 1627 1330 potuere,
1647 1284 1744 1321 haec
1764 1283 1869 1324 sunt:

510 1338 746 1393 Longitudo
772 1334 884 1374 rostri
909 1330 958 1371 ad
990 1328 1168 1370 frontem
1398 1353 1416 1360 -
1646 1342 1701 1375 od
1722 1342 1790 1376 2.“
1810 1352 1848 1379 Ο.

515 1410 572 1422 —-·
620 1395 776 1432 narium
995 1410 1006 1416 -
1215 1408 1228 1415 -
1447 1411 1459 1417 -
1655 1405 1694 1432 0·
1732 1407 1771 1433 Ο·
1814 1397 1852 1433 ό·

516 1477 565 1485 ,-
621 1446 741 1487 totius
761 1445 840 1485 avis
854 1475 864 1491 ‚
895 1442 944 1483 ab
962 1442 1072 1498 apice
1089 1440 1270 1483 rostriad
1290 1443 1539 1498 uropygium
1659 1459 1692 1486 1.
1729 1462 1766 1498 9.
1811 1461 1849 1489 0.

514 1533 562 1540 --
619 1500 766 1545 caudae
797 1517 835 1544 ο.
857 1512 891 1553 5.
917 1512 956 1540 o.
986 1498 1086 1542 Alae
1114 1496 1306 1554 expansae
1468 1517 1485 1527 -
1649 1516 1687 1556 4,
1728 1515 1764 1546 2.
1807 1517 1846 1544 0,

1717 2152 1753 2202 A
1765 2152 1899 2203 NAS
