1998 2701
544 176 704 235 &225³
817 180 972 232 (29)
1082 176 1246 235 ’Ξὴᾱ-’Ξ

157 297 198 328 et
225 285 403 339 nigram,
451 285 621 328 marinas
645 296 805 338 omnes;
848 282 998 339 agnovi
1030 282 1206 339 denique
1231 295 1425 339 aquarum
1458 281 1638 326 dulcium

157 341 265 396 apud
307 355 381 382 nos
418 341 594 382 alumnas
624 340 776 396 {species
812 338 925 381 facile
952 352 1110 391 ornnes,
1156 353 1259 394 quae
1297 340 1337 381 in
1371 338 1661 381 Karntschatka

157 396 432 451 transmigrant
452 410 502 437 ex
523 395 615 437 Asia
634 397 673 436 in
693 396 922 437 Americam
939 394 1046 436 ultro
1065 396 1250 450 citroque
1264 406 1551 448 commeantes,
1581 393 1642 435 uti

154 452 194 493 in
212 451 367 493 historia
385 450 548 507 Anseris
564 447 791 506 hyperborei
808 448 1032 504 expositum
1051 449 1117 491 est.
1579 476 1582 478 v

270 515 382 556 Haec
411 526 540 556 tamen
568 513 700 554 omnia
716 512 847 554 minus
865 510 962 553 mira
986 511 1081 553 mihi
1099 510 1355 565 videbantur,
1386 526 1505 567 quam
1529 508 1643 567 quod

157 568 428 622 Diomedem,
472 570 600 610 nautis
631 569 756 623 vulgo
786 566 996 622 Albatroff
1012 569 1173 608 nornine
1200 579 1354 619 notam,
1382 570 1482 608 inter
1506 580 1596 608 aves
1620 579 1642 607 a

157 627 439 666 STELLERO
475 625 524 665 ad
550 624 808 666 Academiam
838 623 962 664 missas
989 624 1209 663 invenirem
1225 655 1236 674 ,
1273 636 1312 662 et
1337 636 1387 663 ex
1421 622 1503 674 ejus
1529 620 1643 662 fimul

156 681 317 721 Schedis
344 680 605 734 intelligerem
635 679 735 719 hane
768 678 936 733 speeiem
972 679 1188 731 quotannis
1212 690 1359 731 magno
1399 689 1570 718 numero
1593 674 1643 716 ad

155 735 471 776 Kamtschatkam
499 747 538 774 et
561 735 760 787 proximas
786 733 925 774 insulas
951 732 1154 783 advolare3
1182 731 1347 772 eandem
1367 731 1493 785 plane,
1521 743 1644 784 quam

153 788 345 829 hactenus
388 787 603 827 australiori
653 788 938 839 hemisphaerio
972 787 1175 839 propriam
1210 797 1443 838 putaveram
1478 797 1517 824 et
1550 786 1645 826 citra

153 843 483 883 Promontorium
503 841 632 883 bonae
661 841 753 895 Spei
779 840 975 895 nusquam
1003 854 1051 893 ap
1084 853 1193 880 arere
1213 852 1353 880 nautae
1376 839 1645 891 consentiunt;

152 896 343 948 eandem,
380 910 502 950 quam
520 897 570 937 ab
587 896 666 937 hoc
683 897 963 936 Promontorio
989 896 1057 935 mis
1075 894 1138 935 'am
1165 895 1259 934 olim
1286 894 1463 935 videram
1487 906 1528 934 et
1555 894 1645 934 En-

155 964 425 993 WARDSIVS
443 952 524 1005 (av.
541 949 603 993 ll.
615 958 643 991 ί.
658 954 750 999 88.)
781 951 943 1001 egregie
969 949 1167 1003 descripsit
1185 962 1306 1003 atque
1323 948 1544 1000 delineavit,
1574 948 1645 989 nisi

153 1005 261 1047 for-te
286 1005 518 1059 plumarum
545 1003 682 1044 colore
718 1002 975 1054 (inconstanti
985 1008 1005 1052 s)
1033 1002 1153 1057 paulo
1180 1002 1384 1043 diversam.
1435 1003 1649 1057 Sequentia

153 1058 242 1103 fere
260 1059 369 1111 sunt,
398 1071 501 1112 quae
531 1057 582 1099 de
599 1057 677 1099 hoc
701 1057 982 1112 phaenomeno
1011 1060 1321 1098 STELLERVS
1360 1056 1532 1112 reliquit.

264 1118 499 1172 Diomedem,
573 1132 667 1161 uam
707 1120 1008 1161 STELLERvs
1037 1117 1137 1173 ipse,
1171 1130 1211 1158 et
1237 1130 1289 1158 ex
1315 1130 1363 1158 eo
1382 1117 1648 1160 KRAscm?

150 1182 477 1219 2N1N11<0F1vs
518 1132 633 1228 (Zist,
665 1173 906 1238 Kamzsslzat.
935 1174 990 1216 ed.
1012 1187 1137 1227 germ.
1156 1186 1202 1226 p·
1222 1174 1323 1229 190.)
1368 1171 1502 1216 Laros
1528 1174 1649 1214 maxi·

151 1243 245 1273 'mos
267 1229 502 1285 <Tse-haim)
538 1229 726 1286 appellat,
755 1242 855 1272 circa
872 1229 991 1272 finem
1012 1230 1124 1284 Junii
1152 1229 1293 1270 mensis
1320 1228 1537 1270 adveniunt
1572 1230 1649 1269 im-

151 1285 298 1329 mensis
324 1297 362 1326 et
389 1285 608 1327 millenariis
632 1283 717 1326 fere
752 1286 938 1337 catervis,
980 1285 1157 1339 certique
1189 1285 1321 1325 nuncii
1353 1283 1442 1326 sunt
1477 1284 1650 1325 instantis

154 1341 350 1382 adventus
368 1341 543 1395 piscium.
596 1340 710 1382 Circa
727 1340 845 1381 tinem
862 1340 960 1393 Julii
982 1352 1022 1380 et
1048 1352 1139 1380 ante
1156 1340 1335 1380 medium
1360 1340 1537 1395 Augusti
1557 1339 1648 1381 abe-

156 1408 233 1438 unt
257 1396 427 1437 rursum.
482 1396 711 1450 Nunquam
737 1407 872 1436 autem
898 1394 947 1436 ad
966 1407 1076 1435 oram
1107 1393 1394 1435 Kamtschatcae
1419 1394 1647 1436 orientalem

155 1449 414 1499 adscendunt,
452 1450 523 1489 ubi
554 1452 625 1488 vix
654 1450 862 1489 rarissimae
888 1461 928 1489 et
954 1450 1065 1489 velut
1082 1448 1254 1503 hospites
1281 1449 1481 1502 visunturg
1510 1462 1648 1491 contra

156 1506 198 1545 in
215 1506 311 1544 Sinu
333 1502 612 1550 Penschinenffi
640 1516 679 1543 et
689 1502 876 1544 universo
886 1504 990 1544 Mari
1008 1503 1289 1544 Kamtschatico
1308 1504 1504 1557 interiore,
1525 1506 1648 1558 inque

158 1557 408 1612 archipelago
424 1558 592 1599 kurilico
609 1558 821 1599 abundant.
864 1558 932 1599 Ad
944 1558 1110 1599 Insulam
1129 1557 1299 1612 Beringii
1315 1572 1480 1614 quoque
1496 1559 1652 1613 copiose

157 1624 376 1663 venerunt,
424 1625 606 1667 ternpore
649 1625 732 1667 quo
781 1614 1017 1654 STELLER
1031 1625 1085 1653 vs
1130 1613 1282 1654 abitum
1332 1614 1424 1655 inde
1473 1614 1648 1670 parabat.

159 1669 301 1724 Qum
328 1670 367 1707 in
385 1666 454 1708 'has
480 1669 661 1722 regiones
681 1667 885 1719 advolant,
915 1668 1240 1709 macilentissimae
1268 1667 1648 1722 deprehenduntur;

158 1725 229 1764 Ab
246 1723 378 1763 austro
396 1735 493 1763 vero
511 1722 696 1763 advolare
714 1723 804 1763 inde
821 1735 1004 1777 apparet,
1047 1722 1158 1777 quod
1186 1725 1224 1763 in
1251 1734 1434 1766 extremo
1469 1724 1648 1766 Peninsu·

158 1777 218 1819 lae
249 1778 526 1838 promontorio
555 1779 705 1833 primae
727 1778 895 1834 conspici
934 1777 1093 1820 soleant.
1155 1779 1244 1820 Imo
1278 1777 1392 1834 saepe
1430 1793 1453 1822 e
1481 1781 1648 1835 regione

872 1832 912 1874 D
944 1846 964 1885 3
1553 1835 1648 1878 sW.

266 1904 328 1935 bat.
372 1905 449 1935 Alae
464 1903 581 1946 spuriae
594 1902 666 1935 huic
677 1903 772 1940 albae,
796 1913 854 1935 nec
870 1909 904 1935 ut
919 1903 1017 1936 solens:
1033 1903 1146 1946 gryseo
1157 1904 1363 1947 marginatae3
1382 1906 1528 1939 resti-{ces
1544 1906 1644 1939 eidem

262 1945 467 1985 longiffimae.
506 1947 538 1976 In
551 1947 688 1986 juniore,
711 1952 744 1976 ut
770 1951 863 1986 puto,
883 1956 953 1982 ave,
984 1955 1061 1987 quae
1078 1948 1207 1978 caudam
1228 1949 1469 1986 cunefformem,
1497 1960 1555 1979 nec
1580 1960 1644 1980 me-

260 1987 327 2016 dias
358 1997 473 2026 pennas
497 1989 661 2028 elongatas
685 1987 830 2023 habebat,
862 1993 971 2029 caput,
999 1989 1114 2018 collum
1139 1994 1170 2019 et
1195 1995 1321 2020 truncus
1347 1990 1451 2030 supine
1478 1995 1561 2022 totus
1577 1992 1644 2021 alba

262 2033 368 2064 eruum
398 2034 553 2076 tempora,
583 2038 686 2059 vertex
711 2033 741 2059 et
769 2030 924 2068 parotides
950 2034 1067 2060 tantum
1089 2031 1174 2061 fusco
1191 2031 1356 2071 inquinata.
1400 2030 1517 2062 Possem
1535 2032 1641 2072 plures

259 2069 420 2142 {coegere
439 2071 572 2102 leviores
596 2070 688 2101 lusus.
739 2070 781 2101 At
800 2070 896 2103 Rostri
911 2077 993 2113 ‚nota
1009 2071 1171 2110 constans,
1199 2072 1338 2114 quamvis
1352 2071 1385 2103 in
1401 2072 1576 2113 junioribus
1599 2075 1640 2105 la=

267 2121 319 2140 vlug
348 2128 353 2141 ι
372 2135 379 2142 ,
