1998 2701
545 252 705 311 'szff
821 254 1006 309 (9)
1121 251 1282 310 *zm-9²

159 362 304 406 testina
321 361 532 409 effuderin
562 359 607 403 dc
635 371 875 416 europaeam
899 360 1054 418 pariter
1071 359 1255 415 Scrofizm
1273 361 1328 404 ita
1344 361 1453 405 male
1470 359 1654 407 habuisse

160 420 345 464 nostrum
359 454 369 470 ‚
400 433 445 464 ut
464 435 559 464 eam
577 419 767 478 protinus
786 417 994 462 abducere
1011 420 1256 477 oportuerit.

275 495 356 539 Per
378 495 487 539 hanc
512 493 770 538 averlionem
787 492 1019 543 sexu-alem,
1051 509 1110 537 ex
1134 506 1279 538 mente
1308 494 1545 538 BufpoNn
1573 495 1655 554 spe-

160 553 278 597 cifica
303 556 355 597 A.
383 556 614 609 aethiopici,
664 568 688 595 a
722 553 889 612 reliquis
924 552 981 595 sui
1009 554 1197 612 generis,
1236 552 1470 597 differentia
1506 553 1651 598 stabili-

161 625 243 660 tur;
272 627 379 672 quae
396 625 538 655 tamen
560 612 744 671 alioquin
763 610 855 653 satis
874 611 1050 654 evidens
1068 611 1148 660 est,
1180 626 1260 654 nec
1287 625 1402 654 certe
1422 613 1489 654 illa
1510 612 1658 656 confir-

160 672 347 713 matione
364 671 538 730 indiget.
596 670 702 712 Non
731 668 862 712 solum
890 670 1004 712 enim
1027 667 1240 712 abnormis
1263 669 1480 713 monstrosi
1508 672 1654 729 capitis

159 727 297 772 forma
331 732 382 771 A.
410 731 676 784 aethiopiam}
707 728 799 771 satis
840 728 1077 786 distinguit3
1120 727 1190 770 sed
1221 729 1441 787 genericus
1481 744 1651 788 quoque

158 784 394 835 character,
425 788 496 845 qui
513 802 537 829 a
553 789 739 829 dentibus
752 787 1004 840 primoribus
1020 786 1108 843 peti
1124 784 1301 835 solebat,
1332 787 1374 828 in
1396 802 1450 829 eo
1475 786 1627 832 deficit.

271 869 321 911 In
332 867 527 911 omnibus
540 883 694 926 nempe
705 879 828 910 antea
844 868 955 909 notis
976 868 1092 909 Suilli
1106 870 1270 923 generis
1289 866 1501 926 speciebus
1518 886 1661 929 quam-

155 940 283 976 quam
302 929 437 968 dentes
452 929 653 982 primores
697 940 902 968 NUMERO
934 941 1021 967 non
1040 925 1294 974 constarent,
1327 928 1397 981 (in
1415 928 1659 984 Bahyrozlffit
1700 975 1705 977 b

155 984 202 1027 &
232 986 393 1040 Tajqffit
419 999 576 1042 nempe
601 983 718 1042 supra
741 984 950 1044 quaterni,
988 983 1095 1026 infra
1124 983 1229 1033 seni,
1270 985 1311 1026 in
1339 987 1452 1040 Apro
1486 988 1659 1041 nostrate

155 1055 298 1085 autem
317 1044 510 1102 utrinque
531 1042 633 1091 seni,
660 1042 704 1084 ὗε
721 1043 762 1085 in
779 1043 984 1097 domcy‘i‘ico
1007 1044 1130 1085 Porco
1148 1041 1306 1100 saepius
1325 1043 1440 1102 supra
1468 1047 1658 1103 quaterni

155 1114 226 1143 aut
241 1100 346 1143 infra
364 1098 511 1143 ostoni
528 1112 559 1149 >3
584 1113 725 1143 tamen
752 1116 901 1143 eorum
938 1115 1119 1142 FORMA
1147 1100 1192 1143 dc
1217 1099 1312 1144 litus
1338 1102 1390 1144 acl
1408 1102 1656 1146 constituen-

155 1159 257 1202 dum
274 1156 561 1202 characlterem
584 1157 766 1202 sufficere
783 1157 1051 1202 videbantur:
1083 1157 1312 1217 superiores
1332 1161 1446 1202 enim
1466 1158 1657 1220 singulari

154 1217 289 1259 modo
313 1215 455 1266 retuli,
494 1218 687 1260 distantes
712 1217 756 1259 ἀν
786 1218 894 1259 inter
916 1216 955 1260 se
981 1218 1186 1266 inclinati,
1223 1232 1247 1260 e
1271 1231 1417 1260 contra
1436 1217 1656 1263 inferiores

153 1273 420 1334 longiusculi,
455 1277 642 1334 pronati,
673 1274 951 1334 subparalleli,
985 1288 1109 1335 atque
1128 1277 1305 1318 truncati
1324 1278 1433 1319 inter
1451 1278 1571 1319 Suilli
1584 1293 1655 1335 ge-

155 1339 266 1376 neris
284 1335 445 1376 crite-ria
466 1333 748 1383 habebantur,
785 1334 901 1393 quod
928 1349 1038 1376 nunc
1062 1334 1269 1392 plenarius
1299 1336 1531 1392 primorum
1554 1336 1654 1379 den-

153 1393 258 1435 tium
281 1390 472 1435 defectus
491 1393 534 1434 in
564 1393 618 1435 A.
650 1394 870 1448 aethiopico
903 1390 1167 1441 observatus,
1208 1391 1298 1435 fieri
1320 1392 1541 1451 prohibet,
1586 1410 1653 1437 au-

150 1462 307 1509 getque
324 1463 672 1508 argumentorum
690 1466 846 1509 agmen
878 1466 984 1509 quae
1005 1463 1150 1493 contra
1173 1450 1364 1493 dentium
1384 1452 1425 1494 in
1445 1450 1648 1495 definien-

153 1509 216 1550 dis
241 1509 466 1567 generibus
490 1509 823 1568 quadrupedium
848 1510 1068 1552 utilitatem
1092 1510 1207 1551 citari
1228 1508 1393 1568 possunt
1417 1510 1652 1570 &quorum

153 1566 269 1624 plura
284 1567 327 1609 in
340 1566 605 1626 sequentibus
630 1566 854 1627 suggerere
884 1565 1160 1617 oecafio-erit.
1630 1570 1632 1572 ’

268 1647 434 1691 Eadem
456 1664 627 1708 quoque
654 1650 845 1693 dentium
866 1651 1099 1708 primorum
1116 1650 1158 1691 in
1178 1649 1319 1692 Arno
1346 1651 1566 1706 aethiopico
1584 1650 1653 1695 ab·

149 1706 291 1762 sentia,
324 1707 508 1749 eundem
527 1723 622 1750 cum
639 1709 1015 1764 Marlczgcffirariensi
1029 1707 1074 1750 ἀ
1092 1709 1315 1763 Awgolemsi
1328 1710 1440 1763 Apro
1489 1724 1652 1759 uorum,

152 1764 331 1823 utsupra
350 1766 516 1813 monui,
546 1767 683 1808 crania
714 1766 1019 1808 Eum-omns
1041 1723 1558 1823 descriplinconluniiere
1584 1782 1653 1811 ve—

151 1836 221 1865 tat.
308 1822 391 1865 His
408 1824 521 1865 enim
542 1823 686 1866 adsunt
704 1824 852 1866 dentes
880 1825 1086 1882 primores
1105 1825 1146 1864 in
1162 1835 1335 1882 utraque
1350 1825 1534 1873 maxilla,
1545 1841 1651 1884 quos

151 1882 209 1923 illi
231 1895 305 1939 per
321 1896 495 1923 omnem
513 1895 694 1926 aetatem
718 1880 853 1925 deesse
881 1897 941 1925 ex
963 1881 1117 1941 duplici
1141 1881 1284 1924 adulto
1311 1880 1535 1941 specimine
1560 1883 1653 1927 satis

152 1938 338 1982 constare
358 1939 534 1982 videtur.

266 1996 463 2055 Reliquas
481 1996 599 2040 Suilli
616 1997 784 2056 generis
807 1996 1072 2040 conditiones
1094 2012 1244 2040 omnes
1268 2012 1381 2041 nova
1405 1998 1541 2042 nostra
1567 1997 1650 2058 spe-

152 2053 603 2104 ciesservat‚l1abitum‚
618 2071 759 2098 mores
770 2054 815 2098 ἀ
831 2057 1142 2114 principaliores
1153 2068 1288 2105 notas,
1304 2057 1346 2098 in
1374 2056 1504 2099 rostro
1520 2059 1654 2100 maxi-

150 2128 220 2156 me
231 2111 413 2162 fossorio,
443 2113 621 2172 pedibus
637 2112 866 2162 bisulcis‚&
886 2114 1081 2158 dentibus
1098 2115 1276 2157 laniariis
1295 2113 1468 2158 exsertis
1485 2114 1507 2158 s.
1520 2130 1652 2158 arma-

151 2183 248 2214 tura
264 2173 348 2214 oris
367 2171 639 2231 quaerendas,
706 2172 878 2215 Horum
907 2172 1097 2216 dentium
1122 2171 1199 2215 situ
1225 2172 1270 2216 ἅτ
1308 2171 1564 2223 directione,
1595 2173 1649 2216 Α.

150 2231 395 2287 aethiopicus
427 2230 480 2274 ad
505 2231 720 2287 nostratem
737 2232 937 2289 proxime
962 2232 1147 2282 accedit,
1174 2232 1409 2276 eorundem
1440 2247 1546 2275 vero
1568 2246 1652 2273 ma-

1517 2303 1651 2349 gnitu-
