1998 2701
743 190 902 248 ’ἐκεῖ
1017 193 1173 243 (34)
1286 188 1448 246 Qua&

464 302 582 345 Color
611 301 731 343 totius
747 310 830 341 ater
846 313 856 354 3
885 297 1024 339 subtus
1042 307 1081 338 et
1095 297 1135 338 in
1151 297 1294 352 pennis
1304 296 1480 338 volaticis
1498 295 1710 339 obsoletior
1721 307 1842 352 atque

347 360 573 413 fuligineus.
633 357 764 411 Caput
785 367 922 398 contra
940 368 1034 396 curn
1053 353 1168 407 collo,
1209 355 1387 408 itemque
1405 353 1669 409 uropygimn,
1697 352 1764 394 sed
1791 354 1843 395 le-

349 416 469 465 viter,
499 413 665 455 obscure
685 412 801 455 viridi
819 410 1029 467 splendore
1054 409 1186 451 nitida.
1244 409 1408 453 Macula
1427 410 1546 466 gulae
1565 410 1687 451 ovalis
1713 409 1811 450 alba.

460 497 644 551 Remiges
666 510 685 550 5
709 497 878 538 extimae
902 496 1025 537 albae.
1082 495 1267 550 Reliquae
1291 506 1418 549 atrae3
1436 493 1760 550 secumdariarzmz
1779 507 1843 536 ex-

346 555 512 598 teriores
529 555 639 609 apice
667 555 839 595 exterius
858 552 949 594 albo
970 552 1223 607 marginatae,
1254 563 1538 607 praetereaque
1569 551 1742 592 exterius
1758 549 1844 592 lon-

349 610 619 667 gitudinaliter
637 610 832 665 nigriores
861 621 900 649 et
926 607 1114 649 coeruleo
1140 607 1471 662 splendescente53
1508 607 1692 663 adeoque
1706 605 1844 662 specu-

349 668 422 709 lam
440 667 543 709 alare
562 668 808 708 constituunt
825 665 981 706 anatino
1001 664 1138 720 generi
1158 663 1343 704 iolemne.

465 750 602 794 Gauda
616 763 663 793 ut
682 753 722 792 in
750 749 958 792 Boschade.
1016 747 1217 791 ReHrices
1235 761 1404 804 quoque
1429 746 1687 790 intermediae
1714 759 1845 788 recur-

353 814 478 863 vatae,
508 821 556 850 ut
574 809 613 849 in
629 808 704 861 illa,
732 806 913 862 solaeque
930 805 1174 860 supraviridi
1193 803 1349 847 nitidae.

470 892 636 946 Rostro,
666 904 712 934 ut
730 891 831 944 dixi,
862 892 1033 933 incurvo
1051 891 1129 933 five
1156 891 1252 933 fimo
1280 889 1443 946 prorsus
1468 889 1592 932 refert
1617 889 1847 931 varietatem

354 949 609 992 domesticam
626 948 709 989 satis
729 960 874 989 notam.
931 947 1108 1003 Ideoque
1135 949 1176 988 in
1208 946 1291 1000 ejus
1324 946 1585 1003 descriptione
1607 959 1691 990 non
1716 957 1848 990 mora·

355 1006 444 1048 bor.
500 1007 593 1049 Nee
612 1005 728 1060 plura
748 1006 788 1047 in
805 1003 1051 1050 Adversariis
1076 1015 1210 1046 notata
1236 1004 1408 1045 invenio.

1646 2129 1857 2182 ANAS
