1998 2701
544 223 706 282 ’Ξὴᾱὲ
823 224 1009 282 (7)
1124 224 1285 282 ’Ξῆᾱέ

158 343 302 378 tamen
321 331 454 391 :saepe
478 331 746 392 scalpentium
777 347 950 391 operam
978 344 1103 393 atque
1121 331 1318 377 fiduciam
1343 331 1429 380 itin
1445 335 1667 396 rependet.

160 393 340 436 Summa
373 404 514 434 autem
532 393 588 434 illi
607 393 671 434 vis
690 390 736 434 ὅε
752 392 880 435 robur
897 391 954 434 est
972 393 1014 434 in
1032 393 1166 450 capite
1183 404 1307 452 atque
1327 395 1512 443 cervice,
1543 408 1588 438 ut
1596 411 1667 454 pe·

159 450 382 493 riculosum
399 449 446 493 s1t
467 449 654 493 ferientis
673 448 806 493 iesum
824 451 1035 508 excipere.
1095 451 1145 493 In
1162 451 1366 510 angustias
1384 451 1577 496 redaeffis
1598 465 1667 497 aut

161 507 295 553 subito
315 509 518 567 adpropin
552 521 721 552 uantem
737 507 960 551 hominem
985 519 1180 552 metuens
1207 512 1475 568 retrogradus
1503 510 1665 569 semper

156 567 334 616 incedit,
368 567 413 609 ὄε
434 524 630 609 duriilimi
648 568 793 625 capitis
810 567 969 610 molem
992 565 1099 609 hosti
1117 566 1260 617 offert,
1299 570 1486 629 illudque
1510 568 1661 613 sursum

152 624 199 668 ὄε
232 626 285 668 ad
314 625 444 668 latera
468 623 678 668 subsultim
700 624 898 679 jactando
930 627 1128 668 atrociter
1152 625 1273 676 serit,
1311 625 1383 670 ubi
1409 626 1570 672 necesse
1592 628 1660 672 est.

156 683 410 727 Baculorum
443 682 622 727 verbera
659 685 783 742 capiti
828 683 1030 742 adplicata
1076 684 1210 727 mul-to
1236 686 1373 728 minus
1404 686 1661 737 reformidat,

151 756 283 845 ¹guam
302 742 419 786 leves
440 743 701 801 virgularum
718 739 852 792 ictus,
880 741 1031 801 quibus
1059 739 1334 788 efficaciffime
1356 757 1518 787 arcetur
1536 758 1661 804 atque

172 817 195 843 U
231 812 334 845 atur·

199 816 228 859 g
267 860 453 901 Curi-ens
480 857 660 900 caudam
696 856 877 915 rigidam
897 856 941 900 <Sc
966 857 1008 898 in
1037 856 1277 916 quiescente
1308 860 1560 917 pendulam,
1596 878 1657 905 ar-

149 912 313 959 restam
342 915 578 974 protendit;
620 917 740 975 isque
765 915 922 958 caudae
953 926 1115 964 motus,
1152 928 1197 958 ut
1226 916 1357 960 libere
1381 915 1522 967 fieret,
1560 921 1658 964 laxa

147 973 288 1018 subtus
304 971 418 1016 craffi
436 974 538 1017 corii
557 974 664 1032 plica
685 989 708 1016 a
724 973 888 1016 Natura
907 971 1177 1032 prospestum
1208 974 1277 1017 est.
1339 976 1388 1018 In
1403 977 1534 1042 pedes
1556 980 1658 1021 anti·-

149 1048 245 1082 cOS,
274 1031 439 1091 posticis
460 1033 701 1075 naturaliter
720 1031 845 1089 paulo
860 1033 1148 1090 procerioreS,
1173 1032 1266 1075 satis
1289 1034 1370 1077 alte
1396 1033 1476 1078 lese
1494 1036 1658 1094 erigere

146 1091 261 1136 valet
291 1089 417 1134 sicubi
450 1089 623 1149 desupra
649 1088 822 1133 offertur
847 1088 1059 1148 pabulum.
1127 1090 1291 1135 Contra
1308 1108 1332 1135 e
1355 1091 1654 1150 depressiorila-

148 1164 256 1193 cuna
271 1161 508 1208 pota-turus,
538 1161 608 1192 aut
626 1160 780 1192 terram
797 1148 1046 1207 profundius
1065 1147 1258 1201 fodiens,
1284 1151 1328 1192 in
1354 1152 1491 1194 antica
1513 1167 1653 1211 genua

146 1205 402 1267 procumbit.
906 1247 910 1250 ,
1169 1214 1177 1215 ’

263 1264 472 1309 Pabulum
489 1266 620 1309 rostro
634 1298 645 1315 ‚
676 1265 793 1325 quod
810 1262 1024 1324 superficie
1041 1264 1130 1309 fere
1150 1262 1405 1311 horizontali
1422 1281 1578 1312 terram
1594 1285 1653 1313 re-

144 1322 285 1382 spicit,
315 1322 488 1367 &labio
507 1323 718 1383 superiore
738 1324 910 1383 colligit.
970 1324 1110 1382 Saepe
1134 1325 1238 1383 ipse,
1277 1341 1360 1369 una
1386 1343 1482 1370 cum
1508 1327 1651 1371 oblato

145 1398 272 1441 pane,
287 1383 446 1441 digitos
464 1384 527 1425 ori
548 1387 634 1436 ejus
653 1381 822 1431 inserui,
851 1382 895 1424 d:
916 1382 1058 1426 laeves
1077 1383 1285 1442 durasque
1303 1386 1499 1444 gingivas
1520 1388 1651 1445 tetigi.

145 1441 419 1486 Armaturam
447 1440 516 1484 seu
540 1440 691 1484 dentes
717 1440 908 1484 exsertos
942 1440 1036 1497 fere
1056 1454 1220 1484 tantum
1247 1458 1415 1501 pugnae
1441 1443 1652 1487 distinatos

147 1496 228 1542 esse
247 1498 478 1548 observavi.
547 1498 821 1544 Inferioribus
847 1511 987 1542 tamen
1001 1532 1022 1552 ‚,
1047 1501 1199 1550 acutis,
1240 1502 1368 1543 etiam
1395 1503 1447 1544 ad
1472 1503 1650 1546 laceran-

143 1558 219 1601 das
241 1557 442 1600 radiculas
462 1558 600 1600 utitur.
660 1557 742 1606 Hi,
781 1573 875 1600 cum
902 1558 1094 1600 maxillas
1124 1560 1256 1616 aperit
1277 1560 1449 1609 animal,
1488 1575 1511 1602 a
1535 1560 1648 1618 supe-

144 1615 323 1659 rioribus
348 1614 581 1664 discedunt,
622 1615 759 1658 clauso
777 1631 881 1658 vero
899 1631 973 1658 ore
990 1616 1141 1658 iisdem
1163 1617 1421 1666 adliduntur‚
1452 1617 1647 1676 undeipsl

146 1674 355 1717 continuo‘
383 1686 665 1722 exacuuntur,
711 1672 942 1732 superiores
978 1689 1082 1716 vero
1119 1675 1257 1716 antico
1291 1674 1419 1718 latere
1453 1676 1647 1720 detritam

144 1747 284 1776 aream
302 1730 521 1774 exhibent.

259 1789 411 1832 Rostro
426 1789 512 1831 lato
528 1821 539 1837 ,
571 1786 720 1832 mobili
743 1788 788 1831 dc
807 1787 859 1831 ad
875 1787 1123 1832 fodiendum
1142 1787 1347 1848 aptissimo
1366 1803 1519 1835 terram
1537 1791 1646 1835 facil-

142 1849 243 1893 lime
259 1846 304 1890 &
322 1844 629 1906 expeditissime
648 1846 858 1896 subvertit,
888 1848 929 1889 in
950 1863 1088 1905 genua
1105 1847 1223 1906 saepe
1243 1847 1281 1891 se
1294 1851 1523 1899 dimittens,
1545 1852 1646 1900 imo,

142 1905 215 1950 ubi
231 1905 386 1964 potest,
407 1903 626 1948 contrasto
644 1918 791 1948 trunco
825 1903 963 1948 arbori
979 1906 1046 1948 vel
1067 1905 1228 1964 sepibus
1257 1908 1399 1951 clunes
1421 1909 1645 1958 adclinans,

141 1978 187 2008 ut
211 1979 264 2007 eo
294 1967 495 2016 majorem
521 1963 652 2006 nisum
682 1963 875 2007 exserere
906 1977 1042 2023 queat.
1137 1965 1293 2007 Potum
1318 1982 1392 2009 ore
1417 1965 1643 2025 superficiei

143 2037 276 2083 aquae
293 2019 471 2064 immisso
490 2022 638 2080 sugens
653 2021 809 2071 haurit,
836 2020 1088 2081 parcissimus
1113 2036 1292 2082 potator.

260 2082 305 2122 ln
331 2081 480 2123 itinere
513 2080 746 2123 Frumento
773 2082 930 2124 turcico
956 2083 1133 2137 (AWczys)
1161 2083 1338 2124 nutritus
1365 2081 1510 2126 fuerat.
1580 2083 1642 2127 Si-

139 2139 271 2184 mulat
304 2154 356 2181 ue
381 2154 507 2191 vero,
542 2140 583 2181 in
602 2138 819 2182 Vivarium
840 2140 1021 2187 delatus,
1056 2139 1265 2184 hordeum
1290 2140 1504 2200 fagopyro
1532 2142 1640 2183 mix-

141 2209 257 2248 tum,
317 2213 330 2227 ⁷
347 2197 487 2240 Dauci
506 2198 667 2240 radices
687 2197 732 2240 <Sc
747 2213 901 2255 panem
917 2196 1182 2256 degustasset,
1212 2213 1318 2257 quae
1333 2198 1390 2243 ibi
1412 2200 1542 2257 vulgo
1558 2198 1638 2241 fru-

1478 2273 1636 2316 givoris
