1998 2701
713 184 871 241 &aff-2
983 184 1129 237 (ιιι)
1240 183 1414 240 Ὡέησεὲ

419 291 519 338 Alea
538 289 742 347 pfittacula
774 288 947 332 interdiu
988 290 1187 345 gregatim
1212 291 1250 330 in
1279 290 1375 331 mari
1410 300 1525 332 natat.
1611 290 1711 333 Non
1745 301 1801 332 ta-

309 365 423 405 men,
467 348 535 391 nifi
558 346 647 390 casu
672 345 977 402 ettempestate‚
1006 346 1056 387 ab
1080 344 1208 386 insulis
1245 344 1467 400 scopulisve
1499 346 1658 401 longius
1692 360 1801 388 rece-

308 410 376 452 dit.
454 407 516 447 Eo
541 405 648 447 enim
672 403 784 444 omni
810 401 929 443 noste
957 400 1031 442 sese
1047 403 1226 456 recipere
1253 401 1367 453 solet,
1406 401 1572 442 latebras
1607 414 1802 456 quascun-
1859 440 1862 443 ,

307 477 387 521 que
413 462 511 503 mari
540 460 745 516 proximas
770 457 945 509 subiens,
983 471 1077 498 cum
1104 470 1259 498 certum
1287 456 1426 497 nidum
1468 456 1625 498 nullum
1661 456 1801 498 servet.

307 521 387 563 l-iic
405 517 487 570 ejus
506 529 593 557 mos
619 528 659 556 et
693 513 846 555 summa
882 512 995 554 simul
1024 511 1245 566 stupiditas,
1291 525 1370 566 qua
1399 512 1515 552 etiam
1548 511 1802 553 stolidiffimas

304 587 399 617 aves
428 573 594 613 marinas
620 568 795 625 superat,
835 567 964 609 ansam
993 567 1107 608 dedit
1134 567 1320 608 ridiculae
1357 568 1576 619 venationi,
1613 581 1693 621 qua
1718 567 1802 608 satis

307 645 371 674 ma
404 643 451 670 na
475 640 614 670 carum
635 626 748 680 copia
763 637 788 665 a
803 623 980 664 Barbaris
1001 622 1127 677 vulgo
1152 624 1239 676 capi
1259 621 1363 663 solet.
1441 623 1603 677 Magnis
1630 622 1670 662 hi
1696 635 1804 663 nem·

308 700 361 743 pe
374 644 564 737 {saxisque
580 681 654 723 suis
673 695 695 722 e
712 679 882 735 pellibus
901 677 1069 719 consutis
1089 678 1250 718 lacernis
1269 675 1518 731 (Kuklankas
1546 679 1718 730 vocant)
1750 678 1803 718 in-

311 742 397 784 duti
421 742 461 780 in
484 738 614 780 littore
631 736 703 778 sub
729 734 934 789 vesperam
961 732 1184 780 consident,
1223 732 1381 774 brachia
1407 747 1429 773 e
1452 734 1617 776 ‚manicis
1639 732 1805 788 prolixis

309 795 544 844 extrahunt,
581 804 701 848 atque
728 791 779 833 fic
805 791 959 831 immoti
996 788 1253 829 adventantes
1291 801 1382 829 aves
1418 788 1662 843 exspeffiant,
1700 801 1804 843 quae

310 852 480 898 manicas
507 847 699 901 pendulas
727 858 766 885 et
793 844 1009 896 expansum
1036 844 1213 882 {acernae
1239 844 1410 884 limbum
1430 856 1537 897 aptas
1556 843 1722 883 latebras
1742 857 1804 884 ra-

310 918 394 956 tae,
423 900 651 958 praesertim
672 913 766 941 cum
783 901 824 938 in
845 898 1018 938 tenebris
1038 898 1281 946 coecutiant‚
1313 895 1390 935 fine
1426 910 1537 936 metu
1564 898 1737 939 subeunt
1761 906 1808 940 et*

313 962 363 1004 ab
383 962 489 1004 intus
508 957 653 1001 latente
672 954 781 995 hoste
803 951 910 1008 quafi
937 952 1085 995 viritim
1104 951 1287 992 manibus
1309 951 1624 1002 interficiuntur,
1675 951 1803 995 donec

313 1020 343 1061 is
369 1012 712 1059 accumulatorum
738 1010 842 1050 intus
871 1006 1116 1049 cadaverum
1149 1008 1263 1061 copia
1288 1005 1378 1046 loco
1405 1005 1598 1047 decedere
1624 1020 1803 1062 cogatur.

312 1072 466 1126 Neque
491 1067 578 1109 sane
614 1064 851 1121 operosioris
887 1063 1104 1104 venationis
1138 1061 1279 1117 dignae
1305 1058 1457 1115 forent5
1505 1074 1664 1104 carnem
1699 1065 1805 1106 enim

312 1125 553 1184 praeduram
582 1133 702 1178 atque
725 1118 1013 1175 nigrescentem
1042 1117 1208 1168 habent,
1257 1128 1296 1158 et
1328 1116 1382 1157 ob
1412 1116 1607 1170 lanuginis
1636 1120 1803 1172 copiam,

313 1183 627 1239 plumarumque
662 1174 890 1220 densitatem
913 1186 1033 1228 atque
1065 1174 1331 1221 tenacitatem,
1369 1185 1600 1228 nunquam,
1639 1174 1707 1215 nifi
1734 1174 1804 1217 de-

314 1234 436 1283 traua
456 1234 570 1290 pelle,
592 1230 694 1274 bene
712 1229 936 1287 deplumari
958 1227 1130 1284 possunt.

429 1289 628 1344 Sapidiora
667 1299 787 1338 vero,
832 1286 891 1329 uti
926 1295 1201 1339 congenerum
1240 1282 1446 1334 omnium,
1493 1282 1616 1324 Aleae
1651 1285 1804 1328 nostrae

319 1346 359 1392 O
374 1345 420 1389 V
426 1343 470 1389 A
494 1344 603 1395 sunt,
630 1342 872 1397 eademque,
895 1341 973 1396 pro
999 1339 1104 1381 mole
1137 1338 1330 1393 aviculae,
1361 1352 1465 1392 quae
1490 1339 1560 1379 vix
1587 1340 1805 1396 Querque-

316 1403 455 1447 dularn
472 1411 634 1454 aequat,
664 1397 746 1439 satis
776 1409 931 1451 magna.
1017 1396 1100 1452 Axi
1120 1408 1265 1449 nempe
1294 1396 1358 1435 211.
1388 1406 1409 1445 5
1442 1392 1492 1434 ad
1519 1393 1602 1434 6111.
1631 1409 1804 1450 aequare

317 1459 461 1508 soient,
482 1455 672 1496 diametro
694 1454 847 1493 minore
878 1452 938 1491 111.
961 1465 988 1498 5
1005 1450 1054 1492 ad
1075 1451 1155 1492 6111.
1173 1450 1356 1504 adeoque
1374 1448 1481 1489 mole
1499 1448 1709 1502 gallinacea
1729 1449 1805 1493 fer-

319 1528 384 1557 me
419 1512 622 1566 superant,
665 1520 705 1548 et
736 1507 910 1561 figuram
944 1506 1125 1546 obtinent
1159 1504 1387 1557 oblongam.
1473 1503 1593 1544 Color
1629 1518 1804 1548 ovorum

319 1567 442 1612 modo
474 1563 630 1607 sordide
656 1562 768 1603 albus
798 1560 872 1610 est,
910 1560 1068 1614 punffis
1096 1559 1162 1599 vel
1187 1557 1303 1599 fuscis
1333 1559 1397 1599 vel
1423 1558 1615 1600 brunneis
1641 1559 1803 1615 sparsus,

319 1624 443 1667 modo
472 1632 704 1669 arenaceuS,
749 1616 815 1657 seu
844 1614 1076 1667 flavescens,
1117 1613 1254 1655 itidem
1288 1611 1399 1655 fusco
1429 1614 1620 1655 irroratus
1655 1615 1803 1669 (Confi

320 1682 584 1723 STELLERx
632 1671 913 1728 observationes
938 1670 983 1712 de
1010 1667 1115 1712 nidis
1142 1675 1180 1710 et
1209 1667 1294 1710 ovis
1327 1668 1457 1709 avium
1482 1670 1522 1708 in
1550 1668 1660 1711 Nov.
1691 1670 1805 1712 Com-

321 1742 430 1778 meat.
462 1729 666 1785 Petropol.
684 1729 755 1769 vol.
772 1731 836 1768 IV.
852 1739 894 1780 p.
915 1725 1010 1781 426.
1039 1721 1132 1767 Tah.
1153 1736 1213 1778 13.
1234 1724 1272 1778 f.
1290 1734 1358 1779 25,
1378 1724 1443 1766 26.
1456 1727 1487 1775 ).
1519 1724 1741 1779 Deponunt
1760 1740 1804 1768 ea

322 1795 422 1835 circa
440 1788 529 1830 idus
555 1787 677 1835 Iunii,
715 1782 886 1837 singulae
914 1795 1007 1823 aves
1034 1780 1202 1836 singula,
1243 1791 1282 1820 et
1307 1778 1470 1834 quidem
1501 1779 1539 1818 in
1568 1780 1675 1821 nuda
1701 1795 1805 1836 rupe

321 1848 385 1888 vei
414 1856 531 1886 arena
545 1841 706 1891 littoris,
742 1839 822 1880 fine
841 1837 917 1878 ulia
944 1851 1039 1879 cura
1065 1835 1225 1877 texendi
1244 1834 1404 1886 nidum,
1440 1833 1505 1874 vel
1529 1833 1650 1876 saltim
1682 1837 1805 1877 molli-

323 1916 384 1946 ter
412 1897 605 1942 sternendi
635 1894 782 1948 cubile3
810 1891 925 1948 quod
946 1905 1084 1935 earum
1109 1891 1306 1948 infignem
1335 1888 1581 1931 stoliditatem
1607 1903 1716 1933 novo
1748 1905 1803 1934 ar·

321 1967 516 2014 gumento
534 1952 753 1995 confirmat.

437 2010 575 2051 Alium
599 2006 778 2048 stultitiae
801 2003 926 2048 Aleae
960 2004 1113 2045 nostrae
1150 2001 1359 2054 effigium,
1399 2015 1574 2056 eumque
1611 2002 1803 2057 imprimis

325 2068 531 2114 salutarem
550 2063 811 2121 experiuntur
829 2070 990 2113 nautae,
1025 2059 1052 2104 fi
1077 2057 1237 2115 quando
1255 2072 1278 2100 a
1293 2057 1461 2115 scopulis
1480 2056 1665 2098 insulisve
1680 2058 1805 2101 noetu

1726 2125 1806 2156 non
