1998 2701
531 684 1138 737 CIRRHATA.

96 872 302 1008 Rostri
338 924 655 966 conformatione
681 924 869 979 peculiari
897 938 990 966 cum
1012 923 1111 965 Alea
1134 924 1285 968 art-&ica
1310 932 1473 972 omnino
1499 943 1588 972 conm

239 982 367 1033 venit,
406 993 529 1035 quam
560 981 624 1022 hic
658 981 835 1035 priorem
861 979 1095 1032 describam,
1142 980 1298 1035 species.
1373 986 1588 1027 Coloribus

97 1050 230 1078 autern
247 1035 297 1077 ad
317 1034 483 1076 eandem
510 1037 562 1077 ita
596 1035 672 1076 sese
697 1035 842 1086 habet;
870 1036 928 1076 uti
947 1035 995 1076 ad
1014 1033 1216 1076 Lomviam
1249 1038 1293 1078 H
1303 1052 1454 1093 oJER1
1485 1055 1589 1083 com-

97 1104 230 1146 parata
250 1092 305 1133 est
325 1089 508 1132 Columba
533 1091 661 1146 vulgo
693 1091 795 1133 dieta
821 1089 1106 1132 Groenlandz'ca
1120 1092 1160 1146 s
1181 1091 1316 1147 Grylle
1334 1094 1590 1138 L1NNAE1.

92 1148 142 1189 In
160 1159 337 1202 utroque
363 1147 471 1188 enim
497 1160 646 1202 genere
682 1148 795 1201 prior
825 1145 970 1200 species
1003 1158 1083 1188 tota
1118 1160 1244 1202 prona
1282 1153 1463 1205 corporis
1490 1150 1589 1193 facie

94 1205 214 1244 niveo
249 1201 422 1244 candore
450 1201 628 1255 illustris,
669 1202 787 1244 altera
824 1214 922 1243 vero
950 1202 1110 1256 prorsus
1135 1204 1316 1246 unicolor
1343 1217 1382 1247 et
1404 1205 1589 1262 fuligino-

94 1259 130 1299 sa
159 1258 225 1299 est.

209 1311 294 1355 Uti'
321 1314 450 1355 rostro
480 1325 519 1355 et
548 1313 692 1369 reliqui
723 1313 901 1369 corporis
941 1311 1100 1366 habitu,
1154 1315 1204 1356 ita
1230 1327 1269 1357 et
1302 1316 1405 1359 vitae
1437 1331 1587 1373 genere

94 1368 221 1423 vulgo
241 1381 375 1410 notam
404 1370 459 1413 A.
488 1368 672 1412 arfficam
701 1369 798 1410 haec
826 1369 956 1410 nostra
982 1368 1167 1411 imitatur.
1226 1371 1405 1424 Etenim,
1434 1385 1480 1414 ut
1512 1374 1587 1427 illa,

95 1437 168 1480 per
193 1426 369 1479 integros
396 1424 479 1466 dies
508 1427 549 1466 in
577 1426 675 1466 mari
703 1426 985 1477 circumnatat,
1023 1427 1205 1467 urinatur
1235 1427 1419 1482 egregie,
1457 1429 1586 1470 celeri-

97 1493 159 1521 ter
187 1479 312 1531 volat,
343 1493 417 1521 nec
435 1492 567 1522 tamen
583 1480 650 1521 lon
682 1494 704 1522 e
741 1494 762 1520 a
793 1480 855 1521 sco
887 1479 960 1520 ulis
992 1479 1206 1534 insulisque
1243 1482 1425 1535 discedit,
1471 1483 1585 1538 squil-

96 1535 163 1587 lis,
197 1535 365 1582 cancris,
390 1549 435 1576 ac
461 1536 577 1575 variis
607 1495 787 1576 vigitans
813 1546 851 1575 te
907 1535 1005 1586 ceiS,
1044 1535 1175 1588 (quae
1204 1536 1331 1577 rostro
1372 1537 1495 1579 veluti
1520 1552 1584 1580 cu-

100 1604 177 1631 neo
204 1587 415 1640 diffindit,)
454 1589 661 1643 nouaque
689 1590 737 1630 ad
763 1601 905 1629 terram
934 1588 971 1629 se
1002 1589 1204 1642 recipiens.
1290 1592 1334 1631 In
1361 1595 1583 1648 praeruptis

97 1647 204 1687 enim
229 1644 448 1696 littoribus,
477 1643 526 1684 ad
556 1644 670 1685 ulnae
704 1644 854 1698 saepius
880 1640 1217 1696 profunditatem,
1251 1657 1421 1701 utraque
1438 1647 1581 1702 species

96 1701 224 1743 rostro
255 1699 324 1740 fibi
359 1698 565 1740 cuniculos
587 1711 716 1750 cavat,
756 1700 794 1739 in
821 1698 970 1753 quibus
988 1711 1115 1739 mares
1141 1699 1302 1753 singuli,
1339 1705 1581 1758 monogami,

98 1769 193 1798 curn
221 1753 296 1795 suis
322 1752 477 1795 feminis
507 1753 739 1808 pernoE'tare
766 1753 898 1794 solent.
977 1753 1117 1795 lisdem
1144 1755 1184 1794 in
1218 1756 1406 1798 cuniculis
1446 1759 1581 1812 pluma

97 1810 289 1863 mollique
307 1809 393 1864 alga
412 1809 575 1850 instratis
599 1809 752 1850 nostrae
775 1808 915 1863 speciei
940 1806 1105 1856 femina,
1144 1811 1243 1852 circa
1271 1810 1367 1864 Maji
1394 1813 1515 1854 finem
1541 1826 1581 1855 et

98 1866 198 1908 Iunii
226 1865 350 1915 initia,
394 1864 573 1918 adeoque
593 1864 711 1920 paulo
739 1865 930 1906 maturius
959 1876 1081 1919 quam
1111 1865 1164 1906 A.
1184 1864 1356 1918 arfflm,
1387 1867 1581 1911 OVUM

99 1921 231 1976 ponit,
261 1932 307 1960 ut
331 1919 414 1971 illa,
456 1921 665 1974 quotannis
695 1921 878 1971 unicum,
919 1919 983 1961 sed
1014 1932 1088 1975 pro
1120 1921 1298 1975 corporis
1331 1922 1435 1964 mole
1461 1927 1579 1967 maxi-

98 1989 236 2027 mum,
266 1975 420 2029 quippe
443 1975 597 2015 arlatino
628 1973 752 2027 majus
779 1986 818 2015 et
844 1976 913 2016 vix
941 1975 1116 2016 anserino
1142 1975 1305 2029 cedens,
1341 1978 1576 2035 oblongum,

98 2030 253 2082 album,
295 2029 429 2071 vitello
461 2029 606 2070 intense
630 2031 795 2072 aurantii
823 2030 962 2071 coloris
989 2044 1132 2085 grave,
1171 2044 1383 2087 totumque
1400 2033 1576 2096 sapidiffi0

99 2098 225 2133 mum,
283 2084 425 2130 lisdem
448 2086 490 2128 in
507 2084 673 2130 latibulis
699 2085 734 2142 ,fi
761 2085 1081 2142 deprehendatur
1107 2087 1227 2141 Alea,
1263 2088 1393 2131 valido
1420 2090 1489 2133 suo
1512 2104 1575 2131 ro-

1493 2146 1572 2187 stro
