1998 2701
655 168 839 226 ΝΜ
960 170 1092 219 (120
1152 167 1171 219 )
1288 164 1473 224 Qffl

764 330 1392 435 FASCIOLA

573 468 1173 558 QUADRANG
1193 467 1314 534 UL
1328 467 1575 535 ΑΜΕ.

510 671 674 713 inutum
695 667 773 717 est,
795 665 866 710 sed
880 663 1081 710 structura
1093 664 1385 708 admirandum
1402 664 1697 708 animalculum
1719 662 1835 724 quod

568 742 784 787 propono3
804 740 938 785 prope
958 724 1132 783 Hagam
1150 723 1373 768 Comitum
1387 724 1429 766 in
1448 720 1558 766 foffis
1580 725 1687 765 circa
1705 724 1833 777 Zorg-

569 787 670 829 vliet
697 787 805 828 inter
829 785 1044 827 Lemnam
1075 781 1226 825 aestate
1248 780 1363 824 haud
1386 781 1673 841 infrequenter
1695 794 1836 823 occur-

319 863 429 892 rens,
496 845 667 904 Corpus
694 848 780 898 ejus
809 841 1111 885 membranulis
1143 839 1515 900 longitudinalibus
1542 839 1838 899 quadrifariam

320 907 474 950 alatum
499 904 575 953 est,
620 903 680 945 uti
705 902 908 945 nonnulla
932 900 1167 958 plantarum
1189 897 1363 947 semina;
1402 899 1540 941 forma
1563 899 1680 941 vario
1704 896 1838 939 modo

299 964 546 1009 ‘mutabilis
606 962 827 1006 Continuo
843 960 952 1002 inter
968 957 1183 1001 Lemnam
1207 957 1404 1000 limacino
1424 954 1558 1016 gressu
1582 954 1837 1000 obambulat.

322 1024 372 1067 In
391 1022 473 1082 ipsa
495 1036 623 1080 porro
648 1034 755 1080 aqua
780 1030 900 1060 motu
925 1015 1266 1059 membranarum
1293 1015 1555 1057 undulatario
1577 1016 1656 1057 vix
1680 1011 1841 1070 conspi-

325 1097 426 1127 cuo,
457 1096 544 1137 quo
559 1077 675 1121 lubet
689 1076 902 1132 procedit,
942 1074 1045 1113 &in
1073 1074 1225 1113 eadem
1247 1072 1403 1129 ubique
1419 1071 1694 1129 suspenditur,
1724 1070 1840 1112 nullo

325 1136 438 1198 quasi
464 1134 655 1195 pondere
670 1132 896 1191 grauitans.
964 1128 1153 1180 Quando
1169 1129 1455 1187 progreditur,
1481 1129 1676 1171 extendit
1691 1142 1844 1186 corpus

327 1196 463 1254 (Ταῦ.
483 1195 513 1236 Ι.
532 1193 604 1249 fig.
630 1207 689 1235 12.
707 1205 744 1233 a.
761 1191 821 1245 c.)
835 1222 845 1238 ,
885 1187 1080 1231 Lemnae
1103 1187 1304 1229 radiculas
1333 1185 1405 1229 ubi
1429 1188 1588 1246 attigit,
1604 1187 1739 1229 aliave
1754 1197 1842 1228 cor·

327 1269 454 1315 pora,
493 1251 646 1295 iisdem
674 1265 761 1291 non
794 1247 974 1307 applicat
995 1242 1253 1304 superficiem
1277 1245 1491 1303 corporis,
1535 1243 1605 1287 sed
1623 1243 1751 1304 super
1776 1243 1845 1286 illa

328 1311 441 1375 quasi
459 1309 600 1370 gliscit.
661 1307 767 1352 Uno
787 1319 930 1349 tamen
951 1304 1114 1362 semper
1131 1303 1357 1362 eidemque
1374 1303 1491 1346 lateri
1506 1301 1658 1354 insistit,
1687 1316 1846 1360 nempe

330 1373 397 1416 cui
413 1370 613 1430 proxima
637 1371 775 1421 iacent
795 1364 941 1411 ovula;
972 1362 1139 1420 reliquis
1156 1377 1244 1403 non
1262 1377 1341 1419 pro
1361 1361 1472 1419 pede
1495 1362 1633 1404 utitur.
1691 1361 1845 1403 Proce-

331 1431 437 1473 dens
453 1428 617 1485 apicem
633 1420 964 1483 quaquaversum
979 1431 1126 1462 curvat
1146 1418 1192 1460 <Sc
1212 1419 1366 1467 volvit,
1396 1420 1509 1461 viam
1527 1417 1639 1479 quafi
1657 1430 1847 1477 praeten-

332 1500 449 1536 tans,
478 1496 525 1527 ut
539 1483 703 1526 Erucae
720 1480 865 1525 solent.
923 1479 970 1521 Si
989 1477 1107 1519 alteri
1126 1476 1379 1518 animalcula
1392 1489 1602 1526 occurrat,
1633 1492 1711 1519 ceu
1734 1477 1847 1519 terri-

333 1558 426 1589 tum
447 1541 592 1589 resilit,
608 1552 733 1599 atque
743 1553 817 1596 per
832 1535 964 1580 breue
982 1547 1149 1593 tempus
1162 1532 1426 1576 contrafium
1446 1532 1616 1594 quiescit
1628 1535 1716 1591 (sig.
1727 1537 1761 1577 b.
1774 1535 1848 1588 ak),

274 1613 276 1616 ’
332 1601 525 1649 Tentaui
548 1611 594 1642 ut
612 1598 715 1641 illud
736 1596 860 1639 variis
888 1591 1143 1653 liquoribus,
1178 1590 1417 1650 praesertim
1437 1591 1661 1651 spirituosis
1686 1591 1847 1635 conser-

333 1675 504 1708 varem3
528 1672 680 1701 verum
695 1657 739 1699 in
755 1653 822 1697 his
846 1652 1009 1710 semper
1024 1649 1116 1710 post
1142 1650 1351 1693 violentas
1373 1651 1424 1693 ali
1455 1663 1530 1693 uot
1556 1649 1851 1694 convulsiones

334 1714 702 1764 semicontractum
724 1713 867 1772 periit,
903 1710 1124 1768 statimque
1146 1710 1189 1751 in
1215 1707 1387 1751 mutum
1412 1667 1666 1768 gclutinosum
1690 1707 1851 1752 dissolui

337 1779 497 1837 coepit,
524 1776 595 1834 qui
613 1774 748 1832 digito
774 1772 906 1814 tatius
929 1765 1274 1814 adhaerescebat,
1301 1765 1533 1828 senfimque
1551 1779 1666 1810 totus
1689 1765 1851 1810 difflue·-

336 1838 433 1886 bat,
458 1835 582 1878 nudis
600 1830 758 1876 relictis
771 1829 965 1886 granulis
983 1824 1246 1869 solidi-usculis
1259 1857 1270 1874 ,
1304 1824 1511 1874 laeuibus,
1528 1825 1735 1874 testaceis,
1753 1840 1852 1868 cum

338 1895 499 1947 crepitu
555 1891 717 1934 nodam
746 1887 821 1931 sub
848 1900 992 1943 ungue
1016 1881 1301 1927 dissilientibus
1327 1882 1374 1926 <Sc
1393 1882 1535 1928 album
1561 1883 1853 1942 parenchyma

338 1907 647 1999 eructantibus
671 1960 718 1990 ut
744 1947 903 1989 mirum¹
920 1942 966 1986 fit
983 1956 1070 1986 tam
1093 1941 1219 1984 solida
1236 1942 1307 1986 vel
1322 1940 1478 1985 viscera
1491 1942 1562 1985 vel
1579 1943 1726 1991 ovula,
1742 1943 1853 1985 adeo

339 2010 519 2055 molli&
535 2007 655 2051 fluxo
675 2006 772 2048 data
788 2001 868 2046 esse
890 2000 1150 2044 animalculo.
1421 2007 1423 2009 ·

458 2064 722 2112 structuram
740 2060 1134 2122 quadrilamellatam
1146 2055 1356 2101 Fasciolae
1374 2058 1537 2102 nostrae
1554 2057 1851 2117 subanalogam

343 2126 425 2173 effe
439 2138 545 2187 puto
567 2124 766 2180 Fasciolae
787 2118 1057 2163 bilamellatae
1081 2117 1289 2162 L1NNAE1.

1740 2182 1852 2227 DE-
