1998 2701
645 181 828 240 *ΜΨ
948 180 1169 234 (33)
1287 177 1472 237 Qvo&

299 287 518 331 exter-iore,
547 278 714 327 dedali,
745 276 1122 325 fuboEtodentato,
1146 275 1231 318 oris
1249 290 1425 318 munere
1444 274 1669 335 fungente,
1688 279 1819 325 altero

300 350 481 390 interno,
507 334 812 398 angustissimo,
838 335 1069 384 terminali,
1100 335 1170 377 ani
1186 345 1363 392 gerente
1379 335 1505 378 vices,

415 416 589 460 Horum
608 407 880 471 diffitylorum
890 423 973 454 tres
987 443 996 458 ‚
1021 409 1217 469 pluresve
1239 413 1561 470 (nonnunquam
1582 409 1822 465 XV-XX.)

301 479 407 520 circa
429 473 576 518 foueas
603 471 811 530 gelatinae
835 466 1046 527 impressas
1075 466 1263 515 collecti,
1296 468 1435 521 stellas
1465 467 1649 511 formant
1683 471 1824 513 variae

300 534 479 595 figurae,
511 532 747 574 maximam
766 540 931 587 partem
948 527 1195 585 irregulares
1210 558 1219 574 ‚
1248 540 1324 584 per
1341 540 1470 568 omne
1489 540 1641 584 corpus
1660 525 1824 585 sparsas,

301 593 346 637 δι
367 608 445 652 pro
463 589 585 642 hujus
602 589 716 632 varia
733 584 981 630 extensione
1000 585 1136 644 magis
1153 585 1345 626 minusve
1368 583 1621 627 numerosas.

417 664 611 710 Medium
637 661 820 722 singulae
848 661 986 708 stellae
1016 672 1134 703 tenet
1157 659 1280 712 fenea
1307 660 1497 716 margine
1520 657 1730 703 mobili&
1749 675 1824 704 ex-

301 723 434 770 tensrli
450 721 723 770 circumdata,
743 732 868 781 atque
887 720 1058 762 interius
1074 733 1208 777 prope
1225 716 1634 775 suamperipheriam
1652 729 1716 760 tot
1733 733 1825 775 per-

302 783 389 827 tusa
407 779 696 828 foraminibus,
726 791 830 842 quot
842 777 979 821 stellae
997 775 1086 819 sunt
1102 775 1276 833 dackyli,
1303 790 1484 835 quorum
1502 776 1666 819 interna
1681 775 1826 820 ostiola

301 843 346 885 in
366 840 475 885 hanc
495 837 623 899 ipsam
640 836 810 881 foueam
829 851 905 896 per
919 835 986 880 illa
1004 834 1211 878 foramina
1226 835 1476 892 aperiuntur.

421 922 666 980 Marginem
683 918 835 963 foueae
858 919 1033 976 cingunt
1050 913 1323 975 superficiales
1349 915 1452 958 radii
1470 915 1665 964 colorati,
1695 902 1826 964 bifidi,

303 981 418 1025 tenui
434 980 639 1039 principio
652 993 675 1021 a
691 978 830 1030 radice
849 976 1050 1034 marginis
1067 973 1233 1017 oriundi
1252 972 1295 1016 ἀ
1314 988 1388 1031 per
1403 971 1548 1031 singuli
1566 973 1720 1031 daclyli
1732 973 1826 1016 dor-

303 1038 411 1088 sum,
441 1037 567 1134 usckue
585 1037 637 1079 ad
653 1040 739 1090 ejus
761 1032 967 1077 orificium
991 1044 1219 1076 externum
1251 1031 1538 1079 decurrentes,
1570 1030 1712 1088 ibique
1745 1043 1825 1073 ter-

303 1097 461 1138 minati.
540 1097 658 1148 igura
675 1094 887 1131 radiorum
902 1101 1013 1128 nunc
1030 1097 1177 1143 argute
1189 1116 1199 1133 ‚
1231 1100 1342 1127 nunc
1355 1100 1414 1127 ex
1432 1099 1563 1126 ovato
1578 1087 1823 1136 lanceolata,

306 1166 417 1196 nunc
435 1150 600 1192 linearis
618 1146 685 1189 est.
749 1146 867 1187 Color
882 1143 952 1186 vel
971 1142 1125 1192 flavus,
1157 1142 1226 1185 vel
1245 1141 1383 1190 albus,
1415 1143 1501 1183 auri
1523 1144 1742 1200 argentive
1764 1145 1825 1191 in-

306 1210 384 1255 star
407 1206 646 1266 splendens,
682 1215 723 1246 at
749 1218 846 1245 cum
867 1203 955 1244 vita
977 1200 1167 1244 animalis
1193 1198 1311 1243 fimul
1345 1198 1607 1243 euanescens.
1669 1200 1825 1255 (Tunc

305 1268 519 1312 radiorum
535 1265 630 1307 loco
648 1260 769 1305 series
787 1260 982 1303 villorum
1000 1270 1069 1302 aut
1088 1273 1285 1316 rugarum
1310 1255 1669 1300 minutiffimarum
1696 1271 1825 1302 trans-

306 1324 526 1369 versalium
544 1320 800 1379 conspicitur,
821 1316 1102 1378 quaesulcum
1118 1314 1322 1359 dorsalem
1341 1313 1610 1374 daCtylorum
1631 1318 1825 1379 utrinque

309 1383 531 1428 comitatur
551 1378 594 1423 dc
614 1380 657 1422 in
676 1378 803 1421 dente
819 1377 904 1419 oris
923 1376 1121 1419 interiore
1145 1372 1302 1418 definit.

429 1463 549 1505 Color
574 1456 845 1516 daftylorum
872 1456 1019 1498 itidem
1043 1456 1180 1498 varius
1207 1453 1287 1502 est,
1324 1454 1571 1513 plerumque
1596 1453 1731 1498 fuscus
1745 1455 1823 1510 ,vel

313 1521 564 1567 ochraceus,
595 1513 844 1574 interspersis
868 1513 1080 1555 hincinde
1103 1512 1274 1554 maculis
1297 1510 1550 1555 rubicundis.

426 1598 564 1641 Proles
586 1593 734 1655 sparsa,
777 1592 996 1652 frequens,
1035 1592 1088 1634 ad
1110 1590 1323 1635 interstitia
1349 1589 1638 1648 daRylorum3
1684 1606 1823 1651 neque

311 1660 449 1703 minus
466 1652 685 1699 numerosa
707 1652 760 1695 ad
785 1650 915 1709 ipsum
942 1648 1194 1708 gelatinosae
1219 1648 1374 1694 crustae
1401 1650 1637 1707 marginem
1646 1664 1659 1698 3
1690 1648 1824 1708 figura

310 1732 389 1777 pro
404 1726 543 1759 aetate
559 1712 710 1760 variat,
746 1711 884 1769 primo
902 1705 1161 1767 subglobosti,
1187 1707 1285 1750 dein
1301 1710 1445 1758 ov‘ata,
1464 1706 1636 1749 tandem
1655 1707 1822 1751 clauata.

427 1797 591 1841 Irritato
607 1794 753 1838 osculo
770 1805 952 1836 externo
970 1789 1150 1848 dacizyli,
1177 1790 1277 1832 illud
1298 1790 1420 1832 unice
1442 1789 1720 1838 contrahitur,
1745 1791 1822 1833 im-

312 1857 439 1901 motis
474 1851 781 1914 persistentibus
814 1850 1002 1910 reliquis;
1053 1849 1124 1892 sed
1158 1850 1312 1890 irritata
1333 1860 1450 1906 parte
1475 1848 1644 1890 centrali
1673 1847 1822 1896 stellae,

313 1915 456 1958 omnia
476 1912 610 1954 oscula
629 1910 745 1952 simul
765 1909 1019 1954 clauduntur.
1076 1907 1123 1949 In
1144 1921 1251 1967 aqua
1267 1907 1424 1948 marina
1440 1904 1587 1948 filtrata
1603 1905 1825 1949 detentum

314 1973 360 2017 ὥς
377 1973 505 2029 longa
521 1969 658 2011 inedia
674 1980 878 2011 vexatum
899 1964 1069 2012 animal,
1100 1963 1282 2023 singulae
1309 1964 1446 2006 stellae
1471 1963 1645 2007 limbum
1665 1975 1820 2006 centra-

314 2032 400 2073 lem
419 2031 463 2071 in
485 2043 640 2070 conum
664 2027 780 2084 apice
803 2025 994 2083 peruium
1022 2021 1115 2078 (seu
1142 2020 1476 2074 infundibulum)
1495 2036 1517 2063 e
1535 2022 1758 2064 tenerrima
1775 2017 1825 2063 &J

315 2085 523 2146 diaphana
544 2084 790 2128 membrana
805 2082 1031 2125 formatum
1051 2081 1201 2139 erigit,
1223 2079 1405 2121 fortioris
1423 2078 1505 2121 sine
1525 2079 1652 2122 dubio
1678 2078 1721 2121 ὄε
1736 2093 1819 2120 am-

316 2146 459 2204 plioris
481 2144 652 2187 vorticis
666 2141 881 2186 excitandi
899 2140 1031 2199 gratia
1039 2154 1050 2187 ;
1083 2150 1227 2182 contra
1251 2138 1389 2180 aluum
1411 2137 1631 2195 deponens
1642 2135 1820 2237 lrietrssihit

1673 2209 1713 2235 m
1748 2209 1819 2236 um
