1998 2701
649 189 835 249 ‘ww
957 180 1471 245 (10)’Q0><³*

315 278 1820 354 gx*xxxxxxxxxxxxxxxxxxxxxxxxxxxxxxxa‚

663 399 1468 492 LUMBRICUS

841 532 1291 602 EDULJS

340 715 389 891 ς
424 711 444 818 Ξ
482 758 580 803 enio
603 755 657 800 ad
682 754 904 800 Lumbi-ici
933 754 1116 815 speciem
1147 753 1355 803 indicam,
1392 768 1480 796 non
1503 768 1581 813 pro
1598 750 1825 796 inescandis

511 816 708 876 piscibus,
739 814 808 858 sed
826 830 904 874 pro
921 814 1105 874 ipsorum
1120 811 1344 855 hominum
1362 813 1458 856 cibo
1479 811 1680 855 usitatam.
1717 813 1828 855 Rem

511 888 667 923 totam,
710 876 770 917 uti
787 874 931 917 litteris
965 887 1047 915 una
1076 887 1173 914 cuin
1203 870 1430 931 specimine
1454 872 1611 916 vermis
1653 871 1828 914 Batauia

308 933 434 983 miffie
455 945 641 979 enarrata
658 931 734 981 est,
766 947 997 991 exponam.

430 993 663 1038 Abundant
682 992 886 1033 Lmnbrz‘ci
908 991 1061 1038 edules,
1106 988 1177 1047 qui
1205 1002 1229 1030 a
1258 988 1428 1043 Javanis
1465 989 1646 1030 Porrut-
1664 989 1792 1042 ajang
1808 1001 1834 1031 a

310 1050 595 1097 Chinenstbus
624 1064 729 1092 vero
760 1049 931 1104 Soa-ste
963 1046 1242 1105 appellantur,
1278 1047 1319 1087 in
1348 1046 1486 1089 littore
1504 1044 1828 1088 sabulosomeri-

311 1111 468 1154 dionali
493 1119 639 1166 portus
668 1107 885 1153 Batauiae,
917 1106 965 1145 iis
997 1106 1124 1145 etiam
1151 1104 1193 1144 in
1222 1103 1325 1144 locis
1349 1117 1457 1162 quae
1473 1104 1699 1145 recedente
1719 1103 1832 1146 aestu

310 1183 429 1213 mare
458 1164 718 1223 derelinquit.
793 1162 865 1205 Ad
893 1161 1090 1220 pedalem
1117 1160 1185 1203 vel
1211 1158 1542 1220 sesquipedalem
1572 1161 1830 1218 profundita-

313 1239 403 1271 tem
429 1227 534 1268 intra
562 1236 730 1265 arenam
752 1220 901 1269 latent,
935 1232 976 1262 at
1003 1221 1044 1261 in
1071 1215 1287 1278 superficie
1310 1219 1461 1277 pervio
1489 1219 1620 1260 canali
1642 1216 1722 1262 sese
1738 1235 1834 1277 pro-

312 1286 428 1329 dunt.
488 1279 675 1326 Refluxo
695 1278 804 1322 aestu
830 1278 991 1329 ¹incolae
1013 1275 1272 1326 Chinenses‚
1295 1277 1367 1337 qui
1389 1275 1642 1320 Lumbricos
1669 1279 1833 1321 nostros

309 1357 356 1387 ut
372 1344 415 1386 ἀ
434 1341 510 1385 alia
527 1338 720 1383 mollusca
736 1339 894 1380 marina
913 1338 952 1378 in
966 1336 1121 1379 deliciis
1134 1334 1302 1382 habent,
1320 1336 1361 1377 in
1374 1334 1479 1378 haec
1489 1335 1580 1378 loca
1592 1335 1740 1379 littoris
1758 1352 1831 1379 ex-

315 1412 496 1449 currunt,
507 1415 602 1442 cum
613 1396 787 1439 fascibus
801 1396 1052 1453 virgularum
1064 1392 1146 1435 siue
1156 1392 1399 1436 bacillorum
1412 1395 1832 1450 (Rottmxg)exilium,

316 1460 550 1520 pedalium,
582 1469 757 1515 quarum
781 1452 939 1496 summa
959 1453 1211 1494 dexteritate
1235 1452 1277 1492 in
1294 1464 1461 1508 apertos
1491 1466 1642 1495 arenae
1667 1453 1832 1497 canales

317 1516 509 1576 defigunt
535 1513 735 1573 fingulaS,
760 1512 928 1569 praeuia
947 1511 1217 1552 extremitate
1242 1523 1292 1551 ea
1322 1523 1450 1558 Quam
1466 1511 1580 1568 prius
1595 1512 1638 1553 in
1654 1513 1831 1555 tenuita-

318 1588 407 1620 tem
430 1587 596 1634 pennae
619 1572 780 1614 circiter
803 1571 999 1611 coruinae
1027 1564 1394 1615 circumciderunt,
1422 1565 1570 1611 relicto
1594 1581 1735 1612 tamen
1761 1585 1831 1612 an-

319 1634 420 1678 nulo
445 1630 708 1692 prominulo,
735 1625 955 1671 transversi
972 1627 1133 1669 circiter
1152 1626 1272 1684 digiti
1293 1623 1345 1668 ab
1362 1626 1478 1683 apice
1498 1626 1695 1670 distantia.
1727 1630 1831 1672 Cre·

322 1691 448 1737 dibile
476 1690 533 1734 est
553 1688 688 1733 bacilli
718 1687 1034 1730 extremitatem
1068 1686 1108 1727 in
1138 1682 1357 1727 Lumbrici
1386 1700 1434 1726 os
1462 1684 1711 1728 infundibuli
1742 1685 1830 1730 fere

321 1751 455 1796 modo
476 1746 648 1808 pansum
671 1746 860 1793 immitti,
897 1743 941 1787 ἅς
968 1739 1192 1786 constricto
1219 1757 1294 1786 ore
1324 1741 1603 1785 Lumbricum
1632 1742 1832 1802 amplefi'ti

321 1811 484 1869 apicem
511 1805 646 1850 bacilli
669 1803 909 1862 prominulo
940 1801 1095 1845 annulo
1118 1800 1315 1843 hiulcum.
1375 1800 1602 1860 Postquam
1628 1815 1832 1847 centenos

321 1868 483 1912 circiter
505 1863 677 1908 bacillos
710 1859 968 1912 defixerunt,
999 1860 1053 1903 ad
1078 1874 1153 1903 eos
1169 1858 1365 1908 redeunt,
1424 1875 1500 1902 uos
1516 1861 1674 1918 primos
1693 1862 1831 1904 detru-

320 1926 477 1974 serunt,
507 1925 550 1966 <Sc
569 1936 737 1965 arenam
754 1919 947 1980 oblique,
986 1919 1121 1978 aliqua
1147 1932 1171 1960 a
1198 1917 1349 1960 canalis
1378 1874 1483 1960 ditio
1510 1918 1696 1961 distantia
1711 1919 1830 1963 suffo-

321 1985 461 2032 diunt,
488 1993 534 2024 ut
568 1979 843 2040 sesquipedali
870 1976 958 2020 fere
984 1977 1026 2019 in
1050 1975 1334 2034 profunditate
1366 1977 1674 2032 receptaculum
1697 1978 1830 2021 Lum-

319 2041 423 2087 brici
441 2042 665 2097 attingant,
696 2050 821 2097 atque
842 2036 1023 2083 diruant;
1052 2050 1138 2095 quo
1165 2032 1281 2077 facto
1307 2034 1418 2077 lente
1447 2034 1491 2076 <Sc
1514 2036 1691 2094 prouide
1707 2035 1829 2079 bacil-

322 2101 385 2144 lus
405 2095 659 2145 extrahitur,
690 2094 920 2154 sponteque
942 2093 1120 2153 l'equitur
1137 2106 1211 2134 ore
1228 2090 1460 2135 adhaerens
1479 2092 1740 2140 Lumbricus,
1757 2096 1829 2154 qui

323 2159 443 2208 alias,
473 2154 503 2199 fi
528 2169 697 2198 arenam
725 2155 855 2196 imam
880 2150 1038 2195 soluere
1063 2150 1107 2193 ὄε
1131 2150 1342 2199 canalem,
1377 2151 1420 2193 in
1447 2166 1533 2211 quo
1558 2152 1657 2194 latet
1672 2155 1830 2197 vermis

1366 2226 1381 2235 r
1684 2208 1833 2255 infimo
