1998 2701
525 251 684 308 ’Qess
795 255 911 306 (5)
1021 251 1181 307 ’Ξῆετῖῖ

106 370 248 397 nerum
274 356 451 397 adhiberi
482 356 625 407 solitas,
662 355 880 410 singillatim
914 354 1058 396 sumtas
1087 367 1168 394 non
1212 354 1365 407 ubique
1399 352 1588 407 praebere

106 424 216 452 notas
236 410 516 466 distinguendis
544 411 757 465 generibus
784 422 911 464 aptas,
942 424 1033 450 cum
1068 413 1107 450 in
1129 409 1269 459 unico,
1299 409 1357 449 uti
1387 421 1458 449 nos
1493 407 1588 450 illud

106 467 208 507 duce
234 468 389 507 Natura
411 467 702 515 constituimus,
735 466 926 506 Alcarum
963 478 1110 518 genere
1138 460 1375 518 quintisplex
1411 463 1590 505 observe-

106 535 172 562 tur
200 522 312 562 rostri
340 521 554 571 struElura,
588 519 814 561 differentiis
851 519 979 560 multo
1006 520 1131 573 magis
1168 517 1429 570 notabilibus,
1467 532 1588 573 quam

106 590 208 629 quae
238 575 400 627 Lamos,
430 575 582 623 Palm,
611 574 649 616 T
646 588 844 628 walgras,⁴
884 573 1056 625 Cori-os,
1098 573 1303 626 Coma-ias,
1348 573 1586 622 Motfflvllas,

106 630 233 671 'J'odos
260 644 332 672 cet.
361 630 615 685 summopere
645 631 785 672 adfinia
816 643 982 685 genera,
1021 629 1298 670 disterminant.
1359 628 1479 669 Unde
1511 643 1588 670 tan-

106 687 197 727 dem
226 688 333 727 novo
361 687 545 741 exemplo
573 698 681 740 patet
709 701 730 726 e
752 685 965 739 complexu
999 684 1297 725 similitudinum
1331 685 1511 724 omnium
1549 697 1588 726 et

105 742 348 782 adfinitatum
378 741 494 791 serie,
523 739 767 792 dijudicanda
795 740 868 781 effe
894 753 1038 793 genera
1072 739 1278 790 naturalia,
1320 738 1345 778 si
1376 752 1477 792 quae
1506 739 1588 791 fint,

107 796 323 850 nullosque
362 796 560 836 elaborari
591 795 700 849 posse
725 795 966 836 charaffceres
987 792 1195 834 essentiales
1222 807 1430 846 nunquam
1458 791 1588 835 fallen-

104 862 160 891 tes
179 862 246 892 aut
264 851 542 900 claudicantes,
581 850 857 904 tironibusque
876 861 972 888 vere
1000 848 1122 888 utiles,

217 931 368 973 Omnes
387 933 483 972 mihi
503 944 614 970 notas
642 930 833 972 Alearum
861 930 1004 985 species
1028 931 1129 971 inter
1148 930 1186 972 se
1212 930 1501 986 comparando,
1530 933 1587 972 vi-

104 986 180 1028 deo
208 998 269 1027 eas
304 985 454 1025 nonnisi
483 984 734 1039 generalibus
761 988 993 1027 convenire:
1022 984 1198 1039 corporis
1229 988 1406 1041 primum
1439 988 1588 1030 anatina

103 1039 252 1092 forma,
284 1040 324 1081 id
350 1040 422 1087 est,
461 1040 575 1080 obesa
611 1052 649 1081 et
678 1039 998 1095 depressiuscula3
1030 1041 1152 1093 rostro
1180 1041 1289 1094 dein,
1317 1043 1417 1082 inter
1443 1043 1588 1096 aquati-

104 1110 185 1148 cas,
218 1096 460 1150 plerumque
478 1094 530 1136 sat
549 1108 717 1150 magnO,
752 1095 818 1137 sed
835 1096 949 1137 brevi
968 1109 1007 1137 et
1023 1107 1229 1151 utcunque
1249 1097 1441 1138 conoideo
1454 1131 1463 1149 ,
1482 1111 1589 1141 nem-

92 1165 154 1206 pe
186 1152 317 1192 curvis
345 1150 454 1191 lineis
482 1161 521 1191 et
547 1149 828 1204 superficiebus
846 1153 887 1191 in
910 1165 930 1192 a
963 1153 1061 1193 icem
1077 1163 1240 1193 acutum
1269 1151 1473 1205 tendente,
1505 1153 1589 1207 ple-

104 1220 279 1260 rumque
305 1204 524 1260 compresso
541 1217 579 1245 et
597 1204 709 1246 sulcis
727 1205 898 1260 obliquis
933 1207 1072 1260 cabi-05
1092 1206 1254 1259 pedibus
1278 1206 1450 1262 denique
1483 1222 1590 1263 pone

105 1261 382 1316 aequilibrium
399 1260 553 1315 positis,
576 1259 701 1312 psoris
724 1262 746 1300 i.
767 1275 798 1301 e.
820 1260 1044 1315 tridaRylis,
1075 1262 1264 1316 palmatis.
1326 1263 1455 1304 Video
1474 1278 1589 1319 prae-

107 1328 211 1356 terea
247 1315 434 1357 omnibus
461 1314 535 1356 esse
558 1316 640 1355 alas
665 1329 741 1370 pro
767 1329 940 1370 corpore
975 1316 1082 1357 haud
1117 1331 1298 1372 magnas,
1335 1320 1478 1359 colores
1505 1321 1590 1360 uni-

107 1369 274 1424 formes,
303 1370 438 1425 quales
464 1370 503 1410 in
528 1368 692 1411 Lomvicz
717 1383 756 1412 et
781 1370 914 1412 multis
941 1372 1127 1426 aquaticis
1154 1373 1431 1426 observantur,
1472 1374 1589 1429 supra

107 1426 179 1467 scil.
207 1428 390 1481 nigrum,
434 1424 536 1466 infra
560 1425 802 1480 plerumque
826 1425 981 1480 album3
1014 1428 1228 1468 convenire
1253 1429 1368 1468 etiam
1396 1428 1514 1470 Alcas
1549 1430 1589 1470 in

109 1494 177 1533 eo,
215 1480 327 1535 quod
346 1480 502 1522 stolidae
521 1481 613 1533 fint,
654 1495 728 1522 nec
754 1480 958 1522 hominem
977 1482 1157 1533 timeant,
1185 1482 1296 1535 quod
1319 1485 1359 1523 in
1387 1485 1588 1537 cuniculis,

108 1535 218 1589 saepe
241 1537 406 1590 proprio
427 1548 573 1586 marte,
604 1548 682 1589 ope
699 1535 835 1586 rostri,
864 1537 1079 1587 excavatis,
1116 1538 1300 1591 interque
1334 1552 1517 1580 cavernas
1544 1553 1589 1581 ae

108 1589 255 1630 fissuras
273 1589 526 1643 scopulorum
548 1588 790 1640 mdulentur,
817 1600 856 1630 et
880 1588 1002 1631 noctu
1029 1590 1198 1641 latitent,
1229 1592 1423 1646 quodque
1449 1607 1587 1635 omnes

110 1659 182 1686 ova
209 1647 356 1698 pariant
382 1644 550 1698 singula,
583 1657 658 1698 pro
690 1644 772 1684 avis
798 1643 902 1684 mole
926 1645 1115 1695 maxima,
1148 1647 1259 1700 quod
1287 1647 1411 1688 solum
1432 1649 1469 1689 in
1500 1649 1588 1690 nul-

110 1701 148 1741 lo
178 1700 251 1740 alio
277 1701 410 1740 avium
432 1700 700 1753 aquaticarum
716 1712 863 1753 genere
877 1712 1003 1752 aeque
1022 1699 1263 1740 observatur.
1321 1703 1431 1744 Haec
1457 1716 1588 1745 tamen

111 1757 242 1796 omnia
274 1769 397 1809 quam
425 1767 524 1807 vaga
552 1753 643 1805 fint,
681 1766 720 1794 et
745 1767 867 1808 quam
893 1753 942 1793 ad
981 1753 1249 1795 definiendum
1284 1770 1432 1810 genus,
1477 1759 1588 1813 quod

112 1823 243 1852 tamen
268 1809 431 1851 naturali
460 1809 554 1850 serie
580 1808 774 1861 coalescit,
800 1821 881 1850 non
902 1807 1060 1861 idonea,
1090 1811 1211 1852 cuivis
1233 1810 1342 1852 facile
1361 1812 1532 1866 adparet.

219 1892 404 1936 Arffiora
433 1891 493 1932 illa
511 1891 715 1933 adfinitatis
741 1891 918 1945 vincula,
957 1893 1106 1946 quibus
1133 1895 1260 1934 variae
1286 1893 1478 1935 Alcarum
1505 1895 1588 1950 spe-

113 1951 190 1990 cies
215 1961 293 1990 una
332 1947 426 1988 serie
464 1946 693 2000 cohaerent,
730 1949 883 1989 nonnisi
915 1947 1186 2004 philosophico
1205 1961 1243 1989 et
1278 1950 1314 1988 in
1345 1949 1403 1988 his
1438 1951 1587 1993 versato

112 2004 229 2045 oculo
259 2003 427 2057 liquent3
465 2003 581 2044 tironi
606 2016 704 2043 vero
731 2003 898 2058 singulas
926 2003 1068 2058 species
1095 2003 1269 2045 lusti-anti
1291 2004 1409 2045 latere
1426 2007 1588 2047 omnino

113 2059 270 2100 debent.
346 2059 482 2098 Nemo
518 2069 647 2099 tamen
683 2058 876 2100 summam
911 2060 1028 2099 Altae
1068 2058 1250 2111 7'2.«g2e112·is
1284 2070 1403 2113 atque
1437 2059 1588 2103 Torcsae

114 2113 484 2169 consanguinitatem
511 2126 592 2155 non
611 2113 728 2157 videt.
786 2115 924 2156 Nemo
951 2127 1032 2156 non
1063 2114 1165 2157 dicet
1191 2113 1345 2167 Aleum,
1382 2128 1501 2170 quam
1527 2117 1589 2159 hic

831 2171 870 2210 A
905 2185 925 2222 3
1483 2185 1589 2213 nunc
