1998 2701
745 161 907 219 *ἓῆᾱέ
1023 164 1179 215 (36)
1296 162 1458 218 &2:5³2

472 271 626 325 Corpus
647 270 806 322 album,
829 271 870 310 in
887 268 1052 325 pefitore
1070 268 1259 310 leviffime
1278 269 1568 326 rubiginosum.
1629 270 1763 326 Caput
1787 286 1857 315 oc-

357 330 472 383 cipite
484 327 731 378 subcristato,
763 326 813 367 ad
832 325 1005 367 nucham
1027 325 1178 366 macula
1200 327 1414 367 transverla
1435 341 1529 368 vere
1550 329 1858 383 porraceo-viri-

356 387 393 427 di
416 384 654 425 distinctum.
712 382 871 424 Macula
891 383 961 424 alia
981 381 1116 423 colore
1141 382 1270 423 fimilis
1294 384 1486 438 utrinque
1508 384 1557 425 ad
1577 385 1750 436 rostrum
1768 383 1858 425 late-

354 441 454 489 ralis,
483 439 670 496 oblonga,
699 439 868 495 angulos
892 441 971 481 oris
992 440 1175 489 anterius,
1196 439 1474 495 posteriusque
1494 440 1708 482 oculorum
1730 440 1857 482 maxi-

356 511 463 540 mam
485 510 640 553 partem
675 496 895 538 includens.
953 495 1140 538 Circulus
1172 508 1307 536 tamen
1333 497 1471 539 oculos
1491 497 1693 551 ambienS,
1723 496 1860 552 &plu-

353 553 474 597 mulis
516 553 787 606 holosericeis‚
833 563 931 593 ater.

465 627 535 668 Ad
556 627 667 667 basin·
679 627 844 668 cervicis
862 625 997 667 lunula
1015 625 1233 667 transversa
1251 630 1352 678 atra,
1384 627 1561 669 violaceo
1581 628 1710 669 nitore
1731 627 1857 683 splen-

355 686 465 728 dens.
525 683 619 724 lnde
637 681 749 724 fascia
762 684 864 724 inter
875 682 950 723 alas
962 696 1034 738 per
1052 682 1213 724 dorsum
1231 681 1460 736 decurrens,
1491 683 1620 725 duum
1637 684 1861 739 digitorum

354 739 558 784 latitudine
573 753 668 782 atra.
724 742 836 781 Ante
853 739 1004 780 alarum
1022 739 1334 795 compositarum
1352 739 1485 781 axillas
1501 738 1655 780 macula
1664 751 1859 781 transver-

354 799 391 840 sa
411 811 504 839 atra.
558 796 704 839 Latera
724 795 796 838 sub
817 796 884 838 alis
904 795 1039 837 versus
1066 797 1287 851 posteriora
1306 807 1388 837 atra
1405 796 1516 846 sunt,
1543 795 1728 846 anterius,
1756 806 1860 838 utet

354 855 546 910 uropygii
565 868 679 895 areae
697 854 875 895 laterales
893 852 1020 894 dilute
1039 850 1373 909 ferruginescunt.

463 926 630 969 Alai-mn
650 927 809 969 brachia
826 927 934 980 alba,
964 928 1145 983 margine
1162 938 1295 968 tamen
1312 928 1440 968 antico
1458 927 1538 968 five
1554 927 1768 983 crepidine,
1788 941 1857 968 ex-

353 987 534 1040 timoque
563 983 860 1040 nigricantibus.
945 982 1131 1037 Remiges
1150 990 1215 1031 28.
1300 983 1512 1024 Primariae
1537 997 1597 1024 10.
1629 997 1724 1024 cum
1742 982 1859 1036 alula,

353 1041 748 1097 fusco-nigricantes,
783 1054 799 1081 1
824 1053 897 1082 et2
916 1039 1178 1095 longiffiniae3
1210 1038 1458 1081 secundariae
1478 1052 1612 1080 10-20
1634 1050 1738 1080 totae
1756 1051 1860 1080 atro·

354 1097 541 1140 coeruleo
559 1097 724 1146 nitidae,
753 1095 878 1134 limbo
896 1096 986 1133 albo
1006 1098 1254 1144 terminatae,
1290 1096 1347 1137 uti
1368 1106 1408 1135 et
1427 1093 1608 1137 rectrices
1627 1094 1676 1135 ad
1699 1095 1859 1136 easdem

354 1155 617 1211 pertinentes,
647 1151 812 1191 Intimae
831 1161 931 1190 vero
953 1159 1109 1194 20-28.
1138 1159 1184 1189 ut
1205 1149 1245 1189 in
1265 1154 1318 1189 A.
1336 1157 1451 1189 acum
1469 1149 1656 1191 deorsum
1685 1149 1860 1199 falcatae,

354 1211 617 1259 acuminatae,
647 1219 686 1248 et
704 1207 881 1247 exterius
897 1204 1232 1252 atro-violaceam,
1256 1205 1423 1246 interius
1441 1204 1782 1260 longitudinaliter
1804 1206 1857 1247 al-

354 1268 438 1309 bae.
496 1265 651 1307 Pewnae
660 1261 888 1318 scapulares
906 1261 931 1302 s
948 1261 1006 1302 ala
1024 1261 1146 1302 notha
1163 1261 1293 1313 albae,
1321 1262 1530 1302 exteriore-
1547 1264 1728 1316 margine
1756 1275 1857 1304 atro-

354 1323 562 1366 violaeeae.
621 1320 723 1361 Alae
740 1318 981 1374 compositae
999 1318 1070 1358 vix
1096 1319 1298 1372 uropygio
1318 1317 1534 1372 longiores.

471 1393 506 1437 C
505 1394 607 1437 amm
624 1394 760 1435 brevis
779 1391 1012 1434 acuminata.
1070 1389 1268 1432 Remu-es
1298 1403 1355 1434 12.
1384 1388 1529 1431 fuscae.

464 1467 590 1510 Pedes
607 1481 652 1510 ut
672 1470 711 1508 in
728 1468 782 1508 Α.
801 1467 959 1508 marinis
981 1463 1204 1518 majusculi,
1236 1465 1351 1520 nigri.
1409 1461 1588 1517 Digitus
1614 1464 1786 1505 exterior
1802 1463 1855 1504 in-

357 1527 501 1568 teriore
521 1526 592 1567 vix
608 1525 790 1580 longior,
813 1521 988 1578 posticas
1007 1521 1118 1564 crista
1136 1520 1440 1563 membranacea
1456 1519 1527 1562 sub
1556 1533 1698 1576 ungue
1722 1519 1855 1565 alatus.

655 1628 1554 1685 MENSURAE.

356 1704 623 1801 Longitudo
643 1746 724 1787 avis
743 1744 793 1786 ab
811 1740 994 1786 extremo
1014 1742 1142 1784 rostro
1165 1742 1214 1785 ad
1234 1753 1336 1784 extr.
1363 1738 1530 1783 caudam
1617 1735 1854 1780 1.‘6.“10.‘¹‘

358 1829 407 1834 —-
464 1803 612 1844 caudae
633 1801 684 1843 ad
700 1803 954 1856 uropygium
979 1800 1134 1844 circiter
1376 1821 1397 1828 -
1613 1807 1655 1836 0.
1681 1808 1716 1835 2.
1762 1807 1800 1834 o.

358 1886 408 1891 —
460 1858 612 1900 alarum
638 1857 950 1912 compositarum
1613 1863 1653 1891 0.
1680 1865 1717 1901 7.
1763 1862 1801 1902 9.

357 1943 408 1948 ‚-
460 1915 575 1957 rostri
607 1914 658 1957 ad
684 1911 872 1955 frontales
900 1913 1058 1969 plumas
1224 1930 1241 1938 -
1433 1927 1452 1937 ·
1614 1921 1654 1948 0.
1690 1922 1722 1945 1.
1764 1917 1799 1952 8·

356 1997 408 2003 „-
464 1998 515 2005 —
570 1971 621 2013 ad
646 1970 817 2026 angulos
847 1972 928 2013 oris
1147 1988 1151 1990 v
1617 1976 1658 2005 0.
1685 1975 1722 2003 2.
1766 1974 1781 2001 1
1804 1971 1834 2016 g.

358 2056 411 2063 υ-
467 2055 519 2061 —
573 2027 624 2070 ad
641 2040 755 2068 nares
964 2051 978 2059 -
1171 2045 1187 2053 -
1383 2044 1403 2053 —
1613 2032 1652 2060 ο.
1688 2031 1720 2059 1.
1761 2030 1794 2058 1.

359 2112 411 2118 b—
464 2114 517 2120 m
571 2084 621 2128 ad
655 2083 795 2126 oculos
978 2105 993 2114 .‚
1177 2102 1192 2110 ·
1375 2101 1396 2110 -
1609 2087 1648 2115 0.
1681 2086 1717 2115 2.
1767 2087 1789 2116 2
1811 2080 1838 2129 ζ,
