1998 2701
521 256 679 320 '‘Qffifi'
795 265 945 314 (33)
1055 257 1213 316 &hee-5⁴2*

118 423 158 467 ἃ
188 424 199 466 l
232 368 273 410 P.
304 368 493 411 venti-ales
516 367 780 424 pefikoralibus
801 366 920 421 paulo
948 365 1203 421 posteriores,
1241 364 1462 420 parallelae,
1505 365 1606 408 dida<

159 437 256 477 yae.

227 508 269 548 P.
298 507 363 549 ani
379 506 514 549 dorsali
536 505 727 549 secundae
745 505 942 561 opposita,
971 504 1175 547 radiorum
1195 511 1230 552 8.
1251 504 1454 559 oppositae
1479 505 1609 547 dorsa-

117 562 144 604 li
167 563 368 615 similium,
391 576 568 618 quorum
595 562 765 617 posticus
785 561 1084 611 remotissimus,
1113 560 1233 612 exilis,
1264 560 1506 615 penultimus
1523 562 1605 603 lon—

118 619 208 671 gior
229 619 388 673 reliquis
408 617 629 660 anti-orsum
645 631 717 672 per
741 615 889 672 gradus
907 616 1158 670 minoribus3
1189 613 1423 658 membranae
1441 617 1542 659 inter
1552 630 1609 659 raa

119 672 205 715 dios
223 672 341 726 hujus
361 676 504 729 pinnae
528 672 706 715 reseecae.

236 755 374 798 Gauda
418 756 650 809 rotundam,
693 755 898 798 radiorum
928 769 988 798 12.
1019 755 1274 810 simplicium,
1332 756 1609 811 molliumque,

119 823 275 866 praeter
296 811 421 854 fulera
441 814 630 867 utrinque
656 823 814 854 ternata.
882 810 1017 865 Hujus
1043 824 1082 853 et
1109 809 1370 865 peecoralium
1398 813 1612 866 pinnarum

120 867 352 908 membrana
375 869 547 909 tenuior.
940 880 942 883 ’

232 949 339 991 Radii
358 951 572 1004 pinnarum
597 951 777 992 omnium
795 951 865 992 toti
883 947 1118 1004 fiaberrimi
1129 964 1146 1000 ;
1182 950 1464 993 seaberrimum
1500 965 1614 1005 prae-

120 1015 227 1047 terea
251 1005 469 1056 abdomen,
509 1020 590 1059 qua
618 1018 709 1052 cute
738 1007 906 1060 tegitur,
944 1017 1096 1056 totum,
1129 1005 1331 1060 lateraque
1348 1020 1455 1061 pone
1476 1008 1615 1061 pinnas

70 1064 75 1068 ’
121 1060 339 1114 pestorales
369 1072 409 1101 et
431 1060 525 1116 gula
550 1062 651 1102 inter
675 1062 924 1102 membranas
954 1060 1213 1112 branchiales‚
1249 1061 1476 1116 harumque
1493 1061 1614 1116 radii;

120 1127 194 1157 nee
209 1129 291 1157 non
310 1129 450 1171 margo
471 1114 634 1158 inferior
653 1115 804 1165 orbitae
821 1128 860 1158 et
877 1116 1020 1157 lamina
1046 1116 1333 1167 opereulorum
1361 1117 1528 1156 dentata.

231 1197 348 1239 Color
369 1198 481 1249 piscis
498 1198 665 1235 recentis
694 1193 940 1244 (ieeundum
959 1193 1251 1245 STFLLERVM)
1282 1209 1333 1237 ex
1360 1196 1451 1238 albo
1468 1196 1613 1252 fitbfla.

117 1267 209 1301 vm„
241 1251 365 1307 qualis
382 1251 423 1289 in
434 1249 556 1290 ebore
567 1250 730 1302 antiquo
747 1248 930 1290 manibus
943 1251 1033 1291 trito
1052 1249 1158 1301 solet,
1189 1252 1228 1291 in
1249 1250 1365 1292 dorso
1383 1249 1612 1297 fusceseens.

118 1300 266 1350 Pinhae
284 1317 422 1346 omnes
442 1304 577 1345 rivulis
595 1302 712 1345 fuscis
736 1302 921 1346 fasciatae.
978 1305 1022 1346 In
1042 1305 1172 1347 nucha
1190 1306 1342 1348 macula
1360 1307 1444 1355 lata,
1471 1310 1612 1352 rivulis

120 1363 171 1404 ad
189 1361 325 1404 oeulos
344 1371 383 1400 et
400 1358 605 1413 opercula,
635 1360 856 1412 pinnasque
874 1358 1094 1413 pefifflrales
1110 1359 1303 1402 diffluens.
1362 1363 1525 1405 Rivulus
1538 1366 1614 1407 ob-

121 1419 254 1472 liquus
271 1430 293 1456 a
310 1416 428 1469 pinna
447 1412 551 1453 dorfi
569 1413 702 1467 priore
712 1412 760 1453 ad
770 1412 1033 1467 pefi'coralem3
1068 1428 1174 1469 pone
1189 1416 1305 1457 istum
1320 1418 1475 1460 rivulus
1491 1423 1612 1463 utrin-

123 1487 203 1528 que
223 1470 409 1520 bia-uris,
432 1467 493 1525 ,ad
520 1469 682 1522 pinnam
709 1467 812 1509 dorsi
835 1467 1047 1510 secundam
1075 1471 1184 1512 rivus
1205 1470 1336 1520 latior,
1355 1475 1612 1531 transversus,

124 1527 323 1581 rivulique
342 1522 501 1567 tandem
519 1524 624 1565 varie
642 1522 899 1565 cohaerentes
915 1525 1017 1566 cirea
1035 1525 1222 1577 caudam,
1236 1527 1344 1582 susci
1375 1530 1531 1574 eoloris-

124 1638 143 1650 ’ἃ

506 1663 1226 1746 MENSURAE.

125 1767 399 1873 Longitudo
423 1824 502 1856 tota
520 1814 570 1855 ab
587 1826 658 1856 ore
667 1812 716 1857 ad
727 1825 945 1860 extremam
968 1816 1133 1862 caudam
1190 1840 1240 1848 -—-

127 1903 171 1910 .,
289 1872 423 1927 capitis
439 1869 487 1911 ad
505 1870 677 1911 nucham
919 1900 970 1908 .-.

127 1964 175 1971 ...-
291 1927 340 1969 ab
358 1940 427 1968 ore
445 1926 495 1967 ad
506 1926 792 1980 opereulorurn
813 1928 1007 1984 angulum

127 2015 172 2022 .-
290 1983 340 2023 ab
357 1996 426 2023 ore
452 1980 502 2023 ad
518 1980 672 2024 radium
689 1984 867 2038 primum
885 1984 1074 2029 dorsalem

126 2038 316 2083 Latitudo
334 2038 447 2079 rostri
662 2066 712 2072 -
928 2069 977 2077 .-

128 2124 177 2131 a-
286 2095 418 2148 capitis
437 2094 540 2136 inter
549 2093 769 2150 apophyses
786 2095 968 2138 orbitales
1139 2119 1187 2128 >-

1197 1902 1245 1910 ῃ

1177 1957 1225 1964 .-

1185 2013 1233 2021 ἢ...

1196 2070 1244 2077 2...-

831 2192 865 2232 Ε
1359 2230 1409 2238 Μ
1433 2230 1484 2237 -
1510 2203 1615 2247 inter
