1998 2701
695 231 853 290 Qvo&
971 233 1176 286 (26)
1293 231 1455 289 '‘Emer-2²

339 358 436 388 cum
451 357 510 386 ex
522 340 640 384 India
656 339 904 390 adferretur‚
922 354 1078 383 cornua
1098 340 1175 383 vix
1196 338 1426 399 bipollicari
1454 352 1685 398 augmento
1709 344 1828 402 quin-

340 401 519 461 quennia
543 398 749 457 quaedam
774 396 1032 457 exsuperasse
1058 396 1422 457 deprehenderim.
1495 398 1569 441 Ex
1597 399 1702 442 infra
1732 401 1829 443 data

339 457 611 515 descriptione
630 455 674 499 <Sc
698 455 886 500 mensura
907 472 1112 500 cornuum
1135 456 1266 506 istius,
1298 456 1342 500 ὄι
1368 457 1701 516 quinquennium
1727 474 1830 518 quo-

339 516 535 564 rundam,
566 513 611 557 ὅε
628 515 799 558 triennis
818 517 958 565 unius,
989 515 1243 574 intelligetur
1266 512 1496 573 progressio
1521 531 1603 574 qua
1625 531 1829 559 cornuum

338 576 643 618 incrementum
659 589 755 615 cum
775 585 911 617 aetate
931 574 1146 622 minuitur,
1178 571 1380 632 fimulque
1404 573 1564 632 patebit
1580 574 1829 618 arnulorum

337 647 558 676 numerum
577 631 748 690 quidem
772 646 869 673 cum
895 642 1031 673 aetate
1051 629 1253 680 crescere,
1292 647 1379 673 non
1405 644 1546 674 autem
1563 634 1644 676 ulla
1667 633 1831 676 ratione

335 687 584 749 respondere
599 703 776 732 numero
796 702 1002 731 annorum
1017 689 1162 731 aetatis
1179 688 1249 731 vel
1265 689 1523 732 incrementi.

452 746 719 806 Singularem
748 747 793 789 ἇς
815 744 1051 805 specificum
1082 747 1125 788 in
1151 747 1403 802 Cervicapris
1428 747 1608 791 odorem
1639 749 1830 792 maxime

367 805 427 848 ost
450 818 633 848 mortem
662 803 899 853 observavi,
976 806 1016 847 ui
1048 804 1196 847 leviter
1228 803 1465 848 ambarinus
1494 808 1657 864 potius,
1703 822 1829 866 quam

336 820 520 907 Eircinus
547 863 771 912 dicendus,
811 863 857 906 (Sc
881 861 951 905 sub
971 863 1093 905 imilis
1117 862 1175 905 est
1201 863 1258 905 illi
1285 878 1412 923 quem
1439 864 1571 907 Cervi
1592 864 1637 907 dc
1661 865 1831 908 Damae

338 922 429 981 post
455 934 638 964 mortem
664 921 826 980 spirant.
899 919 1094 964 Debetur
1118 922 1153 964 is
1179 920 1289 964 forte
1319 923 1517 964 materiae
1540 922 1759 965 exsudanti
1786 924 1831 967 in

335 979 502 1024 sinubus
518 978 817 1039 inguinalibus‚
847 994 1028 1039 quorum
1045 978 1182 1022 forma
1201 979 1246 1022 ὄε
1260 978 1356 1022 situs
1372 981 1413 1021 in
1441 981 1692 1036 Cervicapris
1714 996 1830 1039 pror-

336 1037 400 1082 sus
420 1039 534 1082 idem
552 1038 628 1088 est,
669 1054 796 1096 quam
812 1039 855 1080 in
884 1039 937 1081 A.
967 1039 1152 1081 Dorcade
1182 1037 1477 1080 BUFFons
1509 1040 1624 1094 (hilf.
1648 1050 1733 1085 nat.
1749 1040 1829 1081 vol.

338 1098 433 1139 XII.
450 1099 529 1139 tab.
551 1097 645 1152 24.)
666 1097 901 1140 delineavit.
963 1095 1125 1141 Sebum
1142 1095 1357 1138 mucosum
1374 1097 1417 1138 in
1433 1094 1543 1139 hisce
1565 1094 1729 1140 finubus
1746 1098 1830 1140 col·

338 1152 498 1199 lectum
523 1155 747 1198 concrescit
772 1156 814 1197 in
839 1153 1031 1213 glebam,
1087 1153 1346 1197 consistentia
1368 1153 1412 1197 ἀ
1444 1154 1587 1197 colore
1618 1167 1830 1213 tragacan-

340 1212 440 1257 thae
456 1213 749 1256 semimadidae
767 1212 1033 1261 simillimam3
1064 1211 1343 1256 subhircinum
1364 1211 1518 1270 praese
1536 1208 1615 1255 fert
1638 1216 1831 1263 odorem,

340 1271 386 1314 ἃ
405 1271 458 1314 ad
474 1272 618 1330 ignem
637 1271 804 1330 glutinis
821 1270 967 1329 specie,
997 1286 1093 1315 cum
1111 1272 1475 1330 empyreumatico
1490 1270 1668 1321 foetore,
1685 1273 1727 1314 in
1745 1287 1830 1315 car·

337 1328 498 1375 bonem
520 1330 686 1388 nigrum
714 1331 898 1372 vertitur.

455 1387 530 1430 Ex
547 1387 735 1430 animalis
753 1386 1027 1446 descriptione
1046 1384 1221 1447 liquebit
1236 1385 1423 1440 ejusdem
1434 1401 1530 1429 cum
1541 1387 1832 1443 Antiloparmn

340 1444 466 1504 pleris
490 1460 562 1494 ue,
593 1446 733 1504 quoad
755 1445 935 1488 formam
953 1459 1197 1495 externam,
1237 1445 1448 1503 analogia;
1479 1446 1667 1487 maxime
1689 1458 1831 1488 tamen

338 1504 388 1545 iis
409 1461 545 1546 adfine
561 1503 639 1553 est,
670 1518 776 1562 quae
796 1519 819 1546 a
844 1505 1109 1547 Bur-pomo
1143 1503 1329 1562 generali
1359 1503 1625 1545 Gazellarum
1656 1504 1832 1546 nomine

337 1559 632 1620 insigniuntur,
661 1562 848 1618 Pygargo
865 1577 1041 1621 nempe,
1074 1562 1275 1610 Dorcadi,
1303 1562 1507 1610 Kevfflae,
1530 1572 1608 1604 cet.
1676 1562 1831 1604 Prima-

337 1620 396 1662 ria
414 1619 631 1678 analogiae
653 1634 749 1662 cum
771 1619 837 1663 his
862 1632 1080 1664 momenta
1104 1618 1193 1662 sunt
1221 1617 1434 1677 singularis
1459 1620 1633 1661 laterum
1667 1620 1763 1662 colli
1787 1619 1833 1662 ἅτ

335 1678 523 1736 corporis
543 1681 734 1734 nigredo,
765 1693 872 1736 quae
890 1680 933 1720 in
951 1679 1099 1721 adultis
1124 1676 1387 1725 observatur,
1404 1676 1550 1733 fiopcze
1575 1678 1756 1735 pilorum
1772 1679 1832 1720 in-

335 1734 397 1778 fra
421 1749 559 1793 genua
587 1736 740 1786 antica,
775 1735 820 1778 &⁷
840 1738 960 1789 stmts
1001 1737 1232 1793 inguinales
1264 1733 1435 1778 sebacei.
1503 1734 1618 1779 Cum
1643 1737 1833 1792 Pygargo

335 1792 463 1835 etiam
479 1794 522 1834 in
545 1807 599 1834 eo
626 1794 827 1835 convenit
863 1793 969 1836 haec
986 1792 1160 1851 species,
1200 1792 1315 1851 quod
1341 1792 1520 1834 feminas
1545 1807 1732 1835 excornes
1759 1792 1832 1835 ha·

335 1849 457 1897 beat;
487 1849 613 1908 idque
637 1861 787 1906 praeter
806 1848 882 1892 has
913 1849 957 1893 ἄν
976 1865 1084 1893 mox
1112 1848 1425 1892 describendam
1453 1849 1504 1891 A.
1535 1851 1752 1899 Grimmii,
1787 1852 1831 1894 in

338 1906 427 1951 aliis
438 1922 605 1967 quoque
616 1907 901 1962 Antiloparmn
913 1905 1124 1965 speciebus
1134 1906 1341 1950 observari
1363 1922 1387 1949 e
1408 1905 1606 1949 KOLBIO
1626 1908 1831 1951 discimus.

341 1965 403 2011 At
414 1965 543 2014 nulla,
572 1964 687 2024 quod
704 1963 844 2014 sciam,
875 1965 994 2007 datur
1009 1969 1121 2018 cujus
1137 1964 1306 2013 femina,
1329 1965 1389 2006 uti
1402 1963 1522 2018 hujus
1538 1964 1699 2010 nostrae
1711 1999 1721 2017 ‚
1738 1979 1832 2010 toto

343 2024 471 2067 etiam
491 2023 616 2065 colore
632 2037 655 2064 a
679 2036 793 2065 mare
810 2022 950 2065 adulto
969 2022 1141 2065 differat.
1528 2065 1530 2068 .

459 2082 590 2123 [eones
605 2082 853 2124 anatomia-as
870 2078 991 2134 hujus
1009 2079 1195 2123 animalis
1213 2078 1343 2122 nullas
1363 2079 1480 2130 dedi,
1508 2082 1604 2141 quia
1628 2079 1832 2125 viscerum

343 2135 545 2198 inspefi'tio
564 2137 665 2180 nihil
682 2139 769 2182 fere
788 2137 936 2182 insoliti
958 2138 1233 2188 monstrabat,
1271 2139 1462 2199 adeoque
1490 2152 1679 2182 accurata
1705 2141 1834 2183 inter·

343 2212 491 2242 narum
516 2197 696 2257 partium
719 2197 938 2257 descriptio
968 2194 1151 2243 sufficere
1175 2195 1407 2243 videbatur.
1483 2198 1662 2241 Sceleton
1688 2211 1831 2242 autem

1772 2269 1830 2300 ita
